6076 7961
4888 279 47 31 s*
4949 282 54 31 î2B
5024 281 163 32 ÏESfiPS.
5208 281 21 32 «
5240 282 46 30 V*
5304 284 126 36 Jarorïep
5448 281 90 38 "«30.,

332 375 278 60 FAITS
664 374 372 59 DIVERS

370 494 142 32 Bureau
530 492 135 31 central
686 492 308 40 météorologique

274 544 136 26 Mercredi
425 544 33 24 31
474 543 153 28 déce-more.
689 544 40 26 La
742 544 162 30 dépressîon
917 543 123 33 sigU'alée
1052 543 67 33 près

242 579 36 25 de
293 578 133 26 Fia-lande
441 578 15 26 a
468 579 99 26 eavatii
582 579 101 25 l'ouest
696 579 34 26 de
748 579 134 32 l'Europe,
898 579 37 25 où
954 579 34 32 la
1005 579 116 32 presskm

242 619 20 19 a
278 613 123 26 diminué
420 614 132 29 fortement
601 618 36 19 on
654 616 64 23 note
736 613 49 25 742
802 619 65 20 mm.
885 613 17 25 à
920 613 96 31 Calais,
1036 614 50 26 749
1105 615 16 24 à

242 648 88 31 Paris,
348 649 49 25 760
414 650 16 25 à
445 649 114 26 Biarritz
574 648 26 25 et
616 649 17 24 à
646 648 76 26 Nice.

277 684 52 25 Les
343 685 125 24 mauvais
484 685 89 31 temps
584 683 112 26 d'ouest
706 686 53 24 ont'
768 685 88 31 repris
870 690 52 20 suar
932 690 53 20 oos
998 685 76 26 côtes
1084 685 35 26 de

245 718 27 27 la
286 719 115 25 Manche
418 719 30 25 et
463 719 30 25 de
510 719 116 26 l'Océan.

280 754 39 26 On
336 760 19 20 a
366 752 124 27 recueilû
506 755 32 26 21
554 759 67 20 mm.
637 755 80 25 d'eau
732 754 18 25 à
765 754 169 33 Ohea-bourg,
950 756 34 26 15
1002 756 16 24 à
1034 756 85 27 Brest,

244 789 33 25 il
297 789 16 24 à
330 787 152 31 Beile-iate,
500 789 18 25 8
532 789 17 31 a
566 789 253 31 ChAteau-Chinon,
837 791 13 24 6
868 791 18 24 à
902 790 146 30 Toulouse,
1066 791 18 24 5
1104 791 16 24 à

244 823 103 30 Nantes,
362 823 30 30 .3
408 825 16 24 à
439 823 98 31 Calais,
557 824 15 24 h
590 824 114 25 Biarritz
720 825 28 24 et
764 825 16 24 à
798 826 149 30 Besançon,
966 826 16 24 2
1001 825 15 30 à
1031 825 89 30 Paris,

244 859 17 24 ï
274 858 19 25 à
302 859 74 24 Metz
389 860 31 24 et
430 859 18 24 à
462 859 94 25 Nice.
550 849 6 23 ·

278 892 40 28 La
333 894 184 30 température
532 894 68 24 était
616 900 31 20 ce
665 894 85 25 matin
765 895 33 25 de
850 895 29 25 7°
896 896 23 24 à,
929 895 113 29 Belfort,
1059 896 29 24 8°
1102 895 18 25 à

245 927 174 34 Bunkerqus,
436 934 36 19 au
486 929 91 25 Havre
589 930 30 24 et
634 928 16 26 à
666 929 279 30 GleiTnoht-Fi&rrand,
958 931 29 24 9°
1002 930 17 24 à
1034 930 86 29 Paris,

244 964 19 24 à
274 963 86 30 Brest,
370 964 20 24 à
402 963 112 30 Naiites,
525 964 18 24 à
553 963 77 31 Lyon
642 965 28 24 et
682 964 18 25 à
710 965 166 32 Perpignan,
890 963 44 26 ii"
947 966 15 24 à
974 965 145 30 Marseille,

246 998 44 26 12»
307 998 12 26 à
331 998 106 26 Biarritz.

278 1032 41 25 En
333 1031 111 31 Fraies,
458 1033 50 25 des
522 1034 112 25 averses
649 1036 63 23 sont
725 1034 154 31 probables,
894 1029 227 37 prinoipaleanent

244 1068 72 25 dans
330 1066 102 27 l'ousst
446 1068 29 27 et
492 1068 29 24 le'
529 1066 84 30 nord;
630 1067 31 26 la
677 1067 184 33 température
878 1076 36 19 va
928 1076 31 19 se
976 1070 144 25 maintenir

242 1102 151 27 au-dessus
409 1103 35 24 de
457 1102 28 24 Ja
502 1102 130 27 normale.

278 1137 24 24 A
317 1136 87 29 Paiste,
419 1136 77 31 ipluie
514 1137 27 24 la
556 1137 80 32 nuit,
652 1137 80 32 temps
745 1139 131 29 «Mïvett;
897 1144 37 20 au
951 1139 171 26 Piaîc-SaioU-

242 1172 91 29 Maur,
349 1173 26 30 îf
389 1172 187 32 température
592 1176 141 27 inoyettoe,
750 1173 54 29 11°,
821 1176 17 23 a
852 1174 45 25 été
912 1174 161 32 supérieure
1088 1175 34 24 de

244 1207 46 25 8°9
307 1207 14 25 à
335 1207 42 25 la;
391 1207 112 25 -normaie
520 1207 76 30 (2°1).

240 1251 35 39 •<
293 1251 53 39 Bja
364 1251 70 39 froe
452 1251 35 39 de
505 1251 53 39 |,a
576 1251 140 39 Selisae.
770 1251 35 39 Le
823 1251 105 39 fleuve
939 1256 147 31 continue
1101 1258 20 27 à

242 1290 131 34 monter'
390 1289 240 35 régulièrement
666 1290 87 27 selon
785 1290 46 29 les
860 1291 177 36 prévisions
1091 1291 36 36 la

245 1324 113 31 hausse
370 1333 23 19 a
406 1325 52 27 été
476 1325 35 27 au
520 1325 91 26 cours
624 1324 38 27 de
673 1324 50 29 ces
736 1325 157 28 dernières
906 1327 217 36 vingt-quatre

246 1359 110 31 heures
370 1359 158 28 d'environ
542 1358 36 27 50
592 1360 197 29 centimètres
814 1360 79 28 dans
916 1361 32 28 la
966 1363 158 27 traversée

246 1394 36 29 de
297 1392 91 31 Paris
414 1396 30 26 et
462 1392 82 32 l'on,
561 1392 98 32 estime
681 1401 57 30 que
758 1394 33 28 la
805 1400 67 24 cote
893 1395 36 29 de
949 1397 17 28 5
980 1404 42 20 m.
1037 1396 34 27 50
1085 1404 39 22 au

248 1433 74 32 pont
334 1427 194 29 d'Austerlitz
542 1429 70 27 sera
626 1430 130 27 atteinte
772 1426 149 32 vendredi
942 1438 39 20 ou
993 1431 129 28 samedi.

246 1462 143 31 Xoiciles
403 1464 83 27 cotes
501 1462 182 37 comparées
695 1462 96 30 d'hier
802 1468 31 24 et
846 1464 214 36 d'aujourd'hui

246 1513 361 26 Montereau
626 1512 66 25 hier
709 1513 15 24 2
737 1518 38 18 m.
792 1512 39 25 84:
850 1519 32 19 ce
898 1513 93 25 matin
1006 1514 14 22 3
1038 1520 39 18 m.
1096 1514 28 24 25

246 1541 320 27 Meluri
708 1543 16 29 3
740 1543 32 29 m.
788 1543 47 29 67;
1006 1544 18 25 4
1042 1544 35 25 m.
1095 1544 35 25 10

246 1573 78 25 Pont
333 1569 185 29 d'Austerlitz
706 1573 17 25 4
737 1577 39 19 m.
793 1572 39 29 22;
1007 1575 18 24 4
1043 1575 35 24 m.
1094 1575 30 24 82

246 1604 39 25 La
301 1602 304 26 Tournelle
708 1604 17 24 4
738 1608 38 19 m.
794 1604 38 29 08;
1005 1605 16 24 4
1037 1611 39 18 m.
1094 1605 38 24 66'

247 1632 80 32 Pont
347 1632 259 32 Hoyal.
708 1633 16 29 5
740 1633 32 29 m.
788 1633 47 29 Il;
1005 1636 15 22 5
1037 1635 35 24 m.
1090 1635 35 24 70

245 1665 113 24 Bezons
688 1664 91 26 ira.
794 1664 38 28 84;
1006 1664 16 24 5
1040 1670 39 19 m.
1098 1665 28 25 24

246 1694 360 26 Manies.
708 1695 18 23 5
744 1695 35 23 m.
794 1693 40 30 27;
1006 1693 15 25 5
1035 1701 39 18 m.
1090 1695 30 25 70

280 1737 86 28 Dans
379 1737 44 28 les
438 1737 154 36 quartiers
602 1736 60 30 bas
674 1736 37 28 de
725 1737 97 35 Bercy
838 1739 30 25 et
884 1735 163 36 d'Auteuil,
1057 1745 68 29 par-

246 1770 226 30 ticulièrement
486 1773 154 32 menacés,
654 1779 41 20 on
710 1779 178 21 commence
902 1773 21 26 à
938 1772 188 36 déménager

245 1806 47 30 les
308 1807 151 28 sous-sols
473 1809 31 25 et
518 1807 46 28 les
576 1813 57 21 rez
642 1805 214 30 de-chaussée.
890 1806 55 29 Les
959 1806 166 30 mariniers

245 1844 159 26 amarrent
410 1842 84 27 leurs
501 1841 147 36 péniches
657 1843 31 26 et
696 1840 62 31 l'on
766 1841 130 36 procède
909 1846 66 24 tant
986 1841 70 36 bien
1074 1841 52 36 que

244 1876 61 28 mal
326 1876 41 28 au
378 1879 172 32 sauvetage
564 1874 54 29 des
642 1876 174 28 matériaux
842 1876 54 35 qui
921 1884 32 19 se
978 1877 148 28 trouvent

245 1919 55 19 sur
310 1911 45 28 les
369 1911 123 35 berges.
510 1910 70 28 L'île
593 1910 41 28 du
650 1910 68 28 Vert
735 1910 119 28 -Galant
881 1914 49 23 est
956 1911 165 35 complète-

244 1946 78 35 ment
342 1946 175 35 submergée
537 1946 39 35 et
594 1945 35 37 le
647 1945 69 37 port
740 1945 39 27 de
801 1944 260 31 l'Hôtel-de-Ville
1078 1947 48 25 est

246 1980 115 33 envahi
374 1989 58 27 par
446 1980 46 27 les
508 1988 87 20 eaux.
617 1979 56 28 Les
693 1980 201 35 compagnies
918 1979 156 29 d'Orléans
1092 1979 35 29 et

245 2015 38 28 de
294 2015 94 32 l'Etat
400 2017 55 25 ont
468 2016 148 35 préservé
630 2015 84 27 leurs
728 2022 94 26 gares
837 2023 37 18 en
890 2014 147 29 obturant
1060 2019 66 23 tou-

244 2051 49 26 tes
306 2050 48 28 les
368 2050 101 28 issues
497 2055 78 22 avec
602 2049 40 28 du
660 2047 123 30 'ciment
809 2051 30 26 et
860 2049 30 27 le
917 2048 130 29 nombre
1070 2050 55 27 des

243 2087 130 35 pompes
386 2092 19 20 a
418 2085 50 26 été
482 2083 120 34 doublé.

278 2120 46 27 En
352 2119 154 33 banlieue,
529 2114 37 33 la
589 2119 154 27 situation
769 2122 49 24 est
841 2120 195 33 menaçante.
1066 2120 62 28 Des

245 2162 93 20 caves
352 2157 73 26 sont
438 2152 157 32 inondées.
606 2154 32 27 A
650 2153 118 35 Clrohy,
793 2154 20 27 à
838 2152 287 35 Levallois-Perret,

245 2190 19 28 à
278 2189 163 32 Suresnes,
462 2190 20 26 à
510 2189 152 32 Puteaux,
690 2188 81 28 l'eau
797 2187 129 28 envahit
953 2187 48 28 les
1025 2187 100 36 quais,

244 2223 144 28 s'infiltre
400 2223 79 27 dans
492 2223 45 27 les
553 2222 161 30 sou#-sols.
744 2223 43 27 La
810 2222 104 37 plaine
940 2222 38 28 de
1005 2223 122 27 Genne-

244 2258 120 29 villiers
382 2262 48 24 est
442 2257 196 36 submergée.

278 2294 43 27 La
333 2289 175 40 préfecture
526 2289 18 40 a
556 2293 139 33 prévenu
709 2292 46 27 les
770 2292 163 32 mariniers
950 2287 179 37 prud'hom-

244 2335 69 21 mes
324 2327 161 35 employés
500 2327 77 36 pour
590 2326 29 28 la
630 2326 153 36 première
796 2326 67 28 fois
880 2326 34 28 en
926 2324 70 30 1910
1010 2326 118 28 d'avoir

245 2364 21 26 à
280 2370 33 20 se
322 2363 83 27 tenir
418 2362 96 35 prêts.
528 2363 56 26 Les
602 2361 131 28 bachots
746 2361 77 27 dont
837 2369 40 19 on
892 2369 33 19 se
941 2365 65 24 sert
1024 2369 36 20 en
1073 2368 55 28 pa-

243 2397 87 30 reille
346 2397 212 28 circonstance
582 2399 72 24 sont
678 2396 94 35 prêts,
788 2399 30 24 et
838 2396 196 27 n'attendent
1056 2395 70 36 plus

244 2432 60 35 que
318 2432 29 27 le
360 2431 139 29 moment
512 2431 212 29 d'intervenir.
738 2430 61 28 Des
820 2431 108 27 usines
942 2433 56 25 ont
1012 2430 47 28 été
1074 2430 51 28 dé-

246 2467 125 34 signées
381 2474 77 28 pour
466 2464 164 36 héberger,
642 2465 29 28 le
686 2474 53 19 cas
753 2466 142 33 échéant,
906 2465 47 29 les
968 2465 160 29 habitants

245 2501 38 27 de
298 2501 31 28 la
341 2499 142 30 banlieue
494 2501 51 35 qui
557 2509 33 20 se
605 2501 216 27 trouveraient
834 2501 80 27 dans
929 2500 33 28 la
974 2500 154 29 nécessité

244 2535 163 29 d'évacuer
417 2536 67 27 leur
496 2533 167 37 logement.

278 2571 125 28 D'autre
417 2572 81 33 part,
514 2570 29 27 le1
564 2570 120 29 service
708 2571 254 39 hydi'ométrujue
989 2577 138 20 annonce

244 2612 58 29 que
318 2603 33 37 la
368 2603 113 37 Marne,.
498 2603 17 37 à
532 2603 178 37 Chalitert,,
727 2603 97 37 pourra
841 2603 210 37 atteindi'e.la
1068 2603 65 37 cote

244 2639 38 27 de
295 2639 19 28 4
333 2639 37 28 m.
380 2639 38 30 40
437 2639 130 30 environ
590 2636 67 30 d'ici
680 2640 20 26 a
721 2636 148 33 vendredi
892 2638 17 28 2
930 2637 134 37 janvier.
1085 2639 43 27 La

244 2675 67 26 cote
328 2674 37 28 de
378 2681 31 20 ce
426 2673 99 28 matin
540 2673 81 27 était
638 2673 33 27 de
682 2673 16 27 3
714 2673 32 27 m.
762 2673 48 27 39.

280 2708 49 28 On
346 2708 131 35 .signale
498 2708 54 27 des
574 2706 195 30 oscillations
794 2707 38 32 de
854 2708 33 28 la
908 2708 109 28 Marne
1036 2708 93 36 supé-

244 2743 101 28 rieure
358 2745 20 26 à
392 2742 212 29 Saint-Dizier.

280 2792 71 26 E<cs
366 2790 284 28 In®B»îS«êïffl5ss.
710 2788 121 30 L'Aube
854 2792 52 26 est
924 2792 35 26 en
982 2790 147 28 nouvelle

244 2833 85 25 crue;
346 2825 18 34 à
382 2825 69 34 Bar,
471 2825 31 27 la
516 2829 88 23 route
624 2823 159 29 nationale
801 2826 49 25 est
876 2832 72 19 sous
970 2825 46 27 les
1037 2832 90 21 eaux.

242 2861 59 27 Les
316 2860 119 27 soldats
461 2859 40 28 du
528 2859 89 36 génie
634 2861 32 25 et
678 2858 50 28 les
754 2859 156 36 pompiers
922 2859 206 28 démolissent

242 2895 48 28 les
322 2895 245 35 baraquements
600 2894 164 27 militaires
794 2897 30 24 et
854 2893 188 29 américains
1072 2894 53 36 qui

242 2928 130 32 avaient
386 2930 49 26 été
450 2923 176 36 édin'és^svir
640 2927 46 29 les
701 2928 230 40 promenades.

278 2965 26 26 A
317 2963 174 34 Bordeaux,
506 2964 28 27 le
546 2962 121 35 service
690 2969 56 25 des
766 2966 92 33 ponts
873 2965 33 26 et
920 2964 169 28 chaussées
1106 2971 21 21 a

245 2998 121 36 signalé
380 3000 61 26 tme
456 2998 238 28 recrudescence
721 2998 193 35 inquiétante
940 2997 37 28 de
1005 2998 31 28 la
1056 3005 71 21 crue

244 3033 37 37 de
300 3033 37 37 la
356 3033 145 37 Garonne,
510 3032 61 37 qui,
587 3032 31 37 le
626 3031 45 35 30,
682 3039 18 21 a
714 3031 113 29 atteint
838 3034 20 26 à
870 3034 88 33 Agen
972 3034 18 27 6
1001 3040 41 21 m.
1054 3033 45 32 40,
1110 3034 20 27 à

242 3068 157 28 Tonneins
426 3068 18 27 6
457 3076 41 19 m.
512 3069 43 28 65.
582 3068 20 26 à
628 3067 43 27 La
686 3067 93 29 Réole
802 3068 18 27 G
833 3067 34 28 m.
884 3067 50 28 20-
949 3069 32 26 et
1005 3069 20 26 à
1045 3069 84 27 Mar-

242 3102 114 29 mande
370 3103 18 27 6
398 3110 44 21 m.
456 3103 44 27 20.
526 3103 62 26 Des
616 3102 200 28 inondations
844 3104 72 26 sont
938 3104 21 26 à
974 3103 154 41 craindre,

242 3136 47 29 les
302 3145 80 20 eaux
396 3137 37 28 de
446 3135 169 37 l'Aveyron
627 3137 32 26 et
670 3134 42 30 du
726 3137 57 27 Lot
796 3137 197 34 grossissant
1008 3137 37 28 de
1057 3137 73 36 jour

246 3171 30 37 en
291 3171 88 37 joui'.

276 3221 54 26 {La
348 3220 265 27 eîfcsaÎKitïaia.
661 3219 28 27 A
698 3218 35 28 la
745 3218 81 28 suite
838 3217 57 29 des
908 3218 112 31 visites
1029 3219 98 28 faites

242 3255 82 28 dans
338 3254 90 28 Paris
454 3261 56 28 par
537 3253 46 28 les
610 3252 159 33 membres
794 3253 37 28 de
850 3252 35 28 la
898 3254 232 28 sous-commis-

244 3289 71 28 sion
326 3288 37 28 de
377 3288 180 28 circulation
584 3296 55 19 sur
662 3288 47 27 les
725 3288 102 34 points
852 3287 45 28 les
916 3288 70 36 plus
1008 3296 121 20 encom-

242 3323 84 34 brés,
336 3323 54 28 des
405 3324 101 27 essais
517 3327 72 23 sont
598 3323 77 27 faits
689 3321 221 29 actuellement
922 3330 78 28 pour
1013 3331 34 19 se
1061 3330 69 21 ren-

244 3358 53 28 dre
312 3360 122 34 compte
446 3357 44 28 du
501 3357 67 28 sens
585 3357 34 28 le
630 3358 71 36 plus
713 3357 141 36 pratique
868 3357 39 28 de
922 3357 31 28 la
967 3357 127 29 marche
1109 3360 20 26 à

241 3393 145 35 imposer
407 3393 62 35 aux
492 3392 140 28 voitures
664 3391 80 28 dans
770 3392 154 27 certaines
954 3400 81 20 rues.
1066 3393 62 28 Des

242 3429 114 33 agents
384 3427 161 35 indiquent
569 3435 63 19 aux
660 3426 204 28 conducteurs
894 3426 31 28 la
938 3427 152 28 direction
1109 3429 21 26 à

242 3462 143 36 prendre,
400 3463 198 27 notamment
609 3461 80 28 dans
713 3460 46 31 les
780 3469 73 20 rues
868 3461 192 33 Caumartin,
1077 3463 53 27 Ri-

244 3496 129 33 chelieu,
390 3496 225 28 Saint-Hdnoré
631 3498 31 25 et
674 3495 37 28 do
728 3495 83 29 Sôze.
833 3494 93 29 Selon
948 3496 46 28 les
1016 3496 114 29 indica-

238 3531 88 37 tions
344 3531 53 37 qui
405 3532 108 26 seront
526 3530 117 28 dictées
666 3538 56 28 par
746 3530 205 37 l'expérience
974 3539 61 20 une
1050 3531 79 28 déci-

242 3566 72 29 sion
329 3564 217 33 interviendra
568 3572 78 29 pour
666 3565 77 28 fixer
768 3565 27 28 le
821 3574 74 19 sens
914 3567 114 34 unique
1049 3564 79 30 dans

238 3599 106 38 lequel
355 3599 154 29 certaines
522 3608 72 23 rues
606 3599 133 28 devront
752 3600 64 27 être
832 3607 198 30 parcourues.

277 3649 55 26 £is»
348 3651 93 24 taxe
464 3656 69 19 bbhip
557 3649 59 26 les
638 3649 240 33 spectœeSca.
950 3649 58 27 Les
1030 3656 99 20 mem-

241 3683 74 29 bres
344 3683 36 28 de
408 3683 32 27 la
466 3682 148 29 chambre
642 3682 161 35 syndicale
829 3683 55 27 des
905 3683 171 29 directeurs
1090 3683 38 28 de

242 3718 171 35 spectacles
426 3716 39 28 de
478 3718 117 26 France
608 3720 55 25 ont
674 3718 86 34 tenu,
781 3716 67 29 hier
861 3718 192 35 après-midi,
1066 3726 62 20 une

241 3753 132 28 réunion
398 3760 43 20 au
458 3754 130 26 -concert
610 3750 100 36 Màyol,
754 3759 75 21 sous
846 3752 33 27 la
897 3752 179 36 présidence
1092 3753 37 28 de

240 3787 45 29 M.
300 3787 168 28 Dufrenne.

277 3822 59 31 Les
354 3817 158 35 membres
524 3820 155 35 "présents
701 3821 56 28 ont
777 3820 105 36 décidé
905 3821 37 28 de
956 3820 118 31 donner
1086 3830 44 20 un

242 3855 83 30 délai
338 3856 38 27 de
390 3855 127 37 préavis
532 3852 72 33 d'.un
614 3855 83 28 mois
718 3856 18 27 à
754 3853 69 31 leur
836 3852 167 40 personnel
1014 3864 40 20 en
1065 3857 66 28 i'ih-

241 3892 154 27 focmant.
406 3889 93 36 qu'ils
513 3890 216 28 fermeraient
752 3889 86 28 leurs
862 3890 266 35 établissements,

242 3931 42 21 au
296 3933 53 19 cas
361 3925 41 29 où
414 3924 33 30 la
458 3924 154 34 np.yvelle
630 3924 69 34 taxe
710 3926 308 36 su^isa-j^ço^lgs
1034 3926 95 25 serait

242 3960 107 32 votée,
364 3953 27 36 r'
742 3953 121 37 .̃̃
906 3953 41 37 "̃̃'

276 3994 45 28 M.
334 3993 160 29 Dufrenne
517 4001 30 26 a,
562 3992 119 28 d'autre
698 3993 83 35 part,
802 3991 130 28 adressé
946 3999 64 21 aux
1021 3991 110 30 minis-

240 4029 68 28 tres
322 4028 42 28 du
377 4028 115 29 travail
520 4032 33 23 et
580 4024 46 31 de'
642 4025 209 29 l'instruction
878 4026 147 38 publique
1048 4026 81 30 deux

242 4062 109 29 lettres
366 4071 57 28 par
437 4060 167 37 lesquelles
618 4059 30 30 il
663 4059 88 30 attiré
769 4060 69 29 leur
850 4061 157 28 attention
1025 4069 55 20 sur
1100 4061 32 29 la

242 4105 101 28 grave
368 4097 153 29 situation
546 4104 59 28 que
626 4103 39 21 ne
684 4095 200 37 manquerait
904 4103 58 20 nas
984 4095 37 28 de
1045 4096 86 28 créer

241 4131 122 37 l'impôt
374 4132 130 35 projeté.

277 4160 228 34 L'Association
523 4160 53 34 des
590 4165 171 29 directeurs
772 4163 36 30 de
821 4164 141 29 théâtres
977 4164 38 29 de
1028 4164 100 36 Paris,

244 4200 37 28 de
297 4208 57 20 son
369 4199 86 33 côté,
473 4199 35 33 se
526 4199 120 33 réunira
666 4199 122 28 samedi
806 4199 161 37 prochain,
985 4206 79 29 pour
1077 4198 54 30 dé-

244 4234 84 29 cider
338 4233 38 30 de
389 4234 154 28 l'attitude
554 4233 239 37 qu'adopteront
804 4242 51 19 ses
870 4234 166 28 membres.

266 4282 193 28 •ÏESccDuSSc
477 4282 106 28 sîatas
594 4289 81 20 vote
690 4282 115 27 asslne
825 4282 305 27 rî'aaiotuobîBes.

290 4317 53 29 Un
362 4316 142 29 incendie
518 4325 21 19 a
552 4316 98 27 éclaté
669 4317 67 27 hier
753 4317 17 27 à
782 4316 110 28 l'usine
913 4316 218 28 Doriot-Flan-

244 4351 214 32 drin-Parant,
478 4351 173 29 boulevard
668 4350 208 34 Saint-Denis,
890 4352 20 26 à
924 4351 203 34 Courbevoie,

245 4386 79 28 dans
350 4394 43 19 un
418 4387 124 34 hangar
568 4385 194 28 renfermant
782 4385 58 28 des
865 4384 113 29 bidons
1004 4385 123 35 d'huile,

245 4420 156 31 djessence
416 4421 32 27 et
461 4420 38 28 de
513 4420 126 36 pétrole.
650 4421 60 27 Les
721 4420 114 35 dégâts
850 4423 72 26 sont
936 4422 68 26 très
1018 4420 112 38 impor-

244 4456 97 26 tants.
350 4455 50 28 Un
413 4455 77 27 tiers
505 4455 41 27 du
558 4453 171 38 personnel
738 4459 49 24 est
798 4454 105 29 réduit
914 4463 42 20 au
966 4455 160 36 chômage.

240 4490 64 29 ies
317 4496 110 23 causes
442 4489 37 29 de
493 4488 161 30 l'incendie
670 4490 73 28 sont
754 4490 184 29 inconnues.

398 4587 345 43 INFORMATIONS
760 4583 211 45 DIVERSES

326 4656 37 30 Le
382 4656 111 30 Comité
506 4654 195 37 républicain
716 4654 41 28 du
772 4661 171 21 commerce
966 4652 42 29 et'
1022 4652 28 29 de
1060 4650 69 31 l'in-

246 4690 120 29 dustrie
380 4699 33 21 se
426 4690 117 29 rendra
556 4690 126 27 demain
694 4689 96 36 jeudi,
814 4690 21 26 à
853 4688 34 28 10
902 4689 30 27 h.
946 4688 52 29 1/2
1010 4688 44 27 du
1067 4694 63 22 ma-

244 4726 57 33 tin,
314 4725 85 36 place
412 4726 42 27 du
466 4725 178 33 Carrousel,
658 4724 41 28 où
718 4731 58 21 son
794 4723 170 36 président,
986 4723 44 27 M.
1044 4723 87 27 Mas-

245 4760 127 34 curaud,
390 4760 163 36 déposera,
577 4766 119 21 comme
721 4760 72 26 tous
806 4758 47 28 les
868 4765 68 27 ans,
948 4764 62 22 une
1024 4757 105 37 palme

245 4803 42 20 au
300 4796 190 28 monument,
498 4794 178 28 Gambetta.

282 4859 15 10 ̃
338 4848 44 29 Le
397 4847 164 29 bâtonnier
576 4849 40 28 de
630 4847 117 28 l'ordre
764 4847 50 28 des
830 4847 125 29 avocats
970 4848 20 27 à
1006 4848 31 27 la
1052 4853 76 21 cour

237 4882 132 37 :d'«pp6l
390 4883 40 28 de
454 4881 89 30 Paris
563 4882 51 30 ne
622 4886 128 24 recevra
770 4888 55 27 pas
844 4881 31 30 le
898 4881 41 26 1"
958 4881 133 35 janvier.

332 4928 74 28 Une
422 4928 65 29 fête
502 4927 40 30 de
557 4927 215 29 bienfaisance
786 4928 51 27 est
854 4927 160 34 organisée
1030 4928 30 26 le
1076 4926 53 28 di-

242 4963 116 29 manche
378 4963 39 29 -4
436 4963 131 34 janvier,
590 4963 79 27 dans
713 4962 107 27 l'hôtel
853 4961 40 28 de
929 4961 200 28 l'ambassade

242 4997 129 36 dltaflie,
390 5005 59 20 rue
466 4998 39 27 de
522 4998 152 32 Varénne,
694 4997 48 34 50,
762 5002 74 22 sous
854 4996 31 28 le
904 4995 169 36 patronage
1092 4995 38 36 de

242 5032 244 28 l'ambassadeur
518 5032 121 28 d'Italie
662 5032 32 27 et
714 5031 39 28 de
774 5030 30 29 ia
825 5032 151 27 comtesse
1010 5030 119 28 Bonin-

243 5067 148 34 Long'arie,
413 5066 36 29 et
465 5073 42 21 au
526 5066 96 35 profit
641 5065 55 29 des
717 5073 122 20 œuvres
858 5066 39 27 de
918 5066 212 28 bienfaisance

242 5101 159 33 •italienne,
434 5102 195 27 nota-miment
666 5100 200 37 l'orphelinat
898 5101 38 28 de
970 5099 160 36 Noisy-le-

242 5135 114 35 i&rand,
382 5136 55 34 qud
450 5135 16 34 ̃
482 5135 166 34 hospitalise
670 5136 70 33 plus
766 5135 38 28 de
829 5133 57 29 200
910 5133 134 30 enfants.

285 5171 49 28 Au
352 5178 93 22 cours
468 5171 40 28 de
530 5172 81 29 cette
636 5172 135 28 matinée
796 5179 33 20 se
854 5171 106 28 feront
982 5169 147 31 entendre

242 5205 56 28 ides
316 5206 126 29 artistes
459 5205 118 33 réputés
630 5205 94 28 Mnies
744 5205 85 33 G-ièls,
850 5204 39 28 de
908 5204 133 35 l'Opéra;
1062 5205 65 27 Ma-

234 5245 74 30 son,
330 5237 44 30 du
398 5239 217 35 Metropolitan
651 5238 92 33 Hcuse
822 5238 141 36 Zeppilli,
986 5239 43 28 du
1053 5239 72 29 Cos-

234 5268 94 32 'tanzi
354 5273 39 31 dé
418 5271 109 35 Rome;
549 5271 44 35 M;
615 5271 109 35 Vândi
748 5273 158 33 Ma^coux;
936 5270 85 32 Mlle
1043 5270 85 32 Zam-

245 5306 98 38 belili,
357 5306 28 38 êe
397 5308 133 35 l'Opéra;
549 5308 57 31 etc.

245 5447 244 31 FEUILLETON
508 5448 54 28 DU
589 5445 136 35 ©««?«̃
735 5448 57 28 DU
814 5448 42 27 1"
876 5447 165 29 JANVIER
1061 5447 69 30 1920

607 5542 504 94 ~rv~~s

244 5715 132 33 fitARCEL
388 5717 112 29 Proust
554 5714 20 31 Â
594 5714 39 31 ta
649 5714 168 29 recherche
837 5715 40 36 du
897 5715 100 36 temps
1014 5716 113 34 perdu:

286 5753 82 28 tome
386 5752 16 27 I
452 5749 39 31 Du
511 5749 78 31 côté
609 5752 36 27 de
664 5750 72 28 chez
756 5750 115 28 Swann
890 5750 153 31 (nouvelle
1065 5750 62 28 édi-

282 5787 97 33 ikion);
400 5786 84 29 tome
505 5786 30 28 II
585 5785 24 27 A
630 5785 126 29 l'ombre
778 5784 52 29 des
852 5785 109 33 jeunes
982 5784 84 35 filles
1089 5793 38 20 en

274 5822 141 41 ifleurs.
465 5819 160 29 Pastiches
642 5823 33 25 et
690 5819 163 35 Mélanges,
874 5820 16 26 3
909 5820 58 28 vol.
986 5819 141 29 Editions

276 5856 48 28 ide
342 5858 33 27 la
396 5853 156 32 Nouvelle
572 5853 98 32 Revue
689 5854 164 34 française,.

281 5906 48 31 M.
345 5906 126 31 Marcel
490 5905 120 32 Proust
630 5914 20 21 a
670 5905 121 31 obtenu
810 5906 38 38 le
867 5906 75 38 prix
960 5906 167 29 Goncourt

244 5947 41 31 de
304 5947 75 29 1019
397 5953 87 30 pour
500 5943 62 35 son
583 5943 103 35 roman
707 5943 21 35 A
749 5943 143 35 l'ombre
913 5943 82 35 des-
1005 5943 121 38 jeunes

240 5981 97 42 filles
357 5994 42 20 en
417 5984 125 38 fleurs,,
555 5984 123 34 second
694 5982 96 32 tome
810 5984 39 29 de
889 5983 34 30 la
962 5983 85 31 série
1069 5983 57 38 qui

242 6024 94 30 avait
353 6023 196 30 commencé
570 6031 64 29 par
654 6023 53 30 Du
730 6022 70 30 côté
824 6022 39 30 dé
886 6023 78 29 chez
985 6023 140 31 Swann.

242 6063 42 30 Je
306 6070 83 23 vous
412 6063 33 29 ai
466 6061 220 38 longuement
713 6062 191 30 entretenus
929 6061 39 31 de
990 6070 38 22 ce
1050 6070 76 30 pre-

242 6101 89 31 mier
345 6101 143 37 volume,
504 6109 84 29 paru
605 6110 43 21 en
666 6102 76 28 1913
758 6101 56 37 (i),
829 6102 34 29 et
877 6100 59 30 dès
954 6109 35 22 ce
1006 6102 120 37 temps,

241 6140 64 38 j'ai
318 6139 63 31 fait
396 6140 45 30 du
454 6140 106 30 talent
578 6140 36 30 de
629 6140 44 30 M.
690 6138 125 33 Marcel
830 6139 124 34 Proust
975 6139 42 34 un
1033 6148 92 22 assez

242 6179 51 31 vif
313 6177 100 40 éloge,
432 6179 77 30 bien
529 6187 62 30 que
610 6179 148 38 tempéré
777 6179 39 29 de
836 6179 164 30 certaines
1018 6179 106 30 réser-

241 6226 69 29 ves,
326 6226 86 29 pour
433 6218 127 32 n'avoir
578 6218 213 38 aujourd'hui
810 6218 78 37 qu'à
910 6227 54 23 me
984 6216 141 32 féliciter

224 6257 60 36 'de
304 6264 40 22 ce
364 6257 177 37 jugement
562 6257 218 37 académique
821 6258 156 30 venait'à
998 6257 126 39 l'appui

242 6296 47 30 du
312 6296 103 30 mien.
434 6295 40 30 Je
496 6296 104 29 dirais
620 6296 126 37 qu'une
766 6295 68 30 fois
857 6295 85 31 n'est
962 6303 62 30 pas
1047 6303 76 23 cou-

241 6336 102 35 tume,
360 6334 53 32 s'il
430 6343 42 21 ne
488 6332 169 40 s'agissait
673 6334 41 31 de
729 6333 204 31 l'Académie
950 6334 173 39 Goncourt,

241 6379 83 25 avec
337 6373 146 38 laquelle
500 6373 59 38 j'ai
573 6377 53 33 eu,
645 6381 64 30 non
731 6381 64 30 pas
809 6374 162 37 toujours,
989 6374 86 31 mais
1093 6373 29 31 le

242 6412 79 40 plus
336 6411 152 37 souvent,
502 6413 32 29 le
552 6413 118 37 plaisir
686 6413 40 29 de
745 6421 53 21 me
814 6414 134 29 trouver
964 6412 160 31 d'accord.

241 6449 205 40 Cependant,
464 6451 42 37 je'
520 6451 73 30 dois"
609 6452 208 30 reconnaître
837 6460 63 29 que
920 6461 39 21 sa
977 6453 77 36 plus
1073 6452 51 30 ré-

240 6491 96 31 cente
357 6489 147 32 décision
524 6490 55 30 n'a
596 6497 63 30 pas
678 6498 42 22 eu
736 6497 45 22 en
798 6490 137 37 général
973 6499 65 22 une
1058 6491 66 30 très

242 6529 112 32 bonne
377 6537 123 29 presse*
522 6529 79 33 Dans
621 6529 99 33 cette
738 6536 129 31 course,
889 6530 31 29 le
942 6530 108 38 grand
1070 6531 53 29 fa-

225 6569 88 34 vori
329 6577 23 23 a
366 6567 50 32 été
430 6568 93 30 battu
540 6575 59 23 sur
613 6568 30 30 le
658 6569 110 38 poteau
822 6569 34 37 je
873 6577 86 25 veux
972 6569 72 36 dire
1061 6577 62 30 que

242 6606 46 32 'M.
304 6607 128 34 Roland
450 6606 157 38 Dorgelès
626 6614 77 24 eu
722 6608 107 36 quatre
847 6608 89 36 voix,
954 6608 36 36 et
1002 6608 53 29 n'a
1073 6608 53 29 été

241 6645 144 39 dépassé
402 6654 64 30 que
486 6645 98 31 d'une
604 6645 62 30 tête
684 6651 61 32 par
764 6645 45 31 M.
829 6645 124 31 Marcel
998 6645 125 34 Proust.

242 6685 121 37 Certes,
377 6684 147 30 Tautèur
545 6685 56 29 des
626 6684 97 35 Croix
743 6684 39 35 de
802 6684 77 35 bais
897 6685 54 30 eût
971 6685 47 30 été
1040 6685 82 39 plei-

240 6724 140 31 nement
392 6722 103 38 digne
508 6723 41 31 de
562 6724 184 38 remporter
760 6724 32 29 le
809 6725 69 37 prix
930 6732 60 22 son
1004 6732 130 23 roman

242 6762 51 35 est
312 6770 82 23 sans
412 6762 112 39 doute,
546 6770 76 22 avec
642 6763 33 30 de
694 6762 67 30 Feu
784 6762 45 30 de
848 6763 45 29 M.
912 6763 104 30 Henri
1042 6757 81 38 Sar-

228 6801 115 32 busse
357 6801 32 30 et
397 6801 35 29 la
447 6800 61 39 Vie
529 6800 203 39 desmarlyrs
742 6801 41 30 de
794 6801 41 37 M.
856 6801 142 37 Georges
1010 6802 112 30 Duha-

240 6840 70 31 mel
332 6838 137 40 (autres,
502 6840 147 30 lauréats
693 6839 190 38 Goncourt),
905 6840 72 30 l'un
1000 6841 40 30 de
1061 6840 61 32 nos

239 6879 86 31 trois
343 6879 172 31 imeilleurs
532 6879 100 30 livres
673 6880 38 29 de
750 6888 128 29 guerre.
898 6879 88 30 Mais
1026 6881 96 36 après

244 6918 92 30 avoir
354 6916 167 33 couronné
564 6918 57 30 des
641 6918 99 30 livres
760 6918 39 30 de
818 6926 119 31 guerre
974 6917 149 40 pendant

243 6957 79 37 cinq
337 6965 70 28 ans,
422 6956 203 32 l'Académie
638 6957 60 30 des
713 6957 66 29 Dix
793 6966 19 21 a
829 6958 106 37 pensé
950 6958 79 37 qu'il
1046 6957 77 38 était

241 6996 164 37 peut-être
420 6996 110 38 temps
546 6996 42 30 de
601 6996 133 31 revenir
750 7004 66 22 aux
830 7004 132 23 œuvres
978 6998 39 29 de
1034 6997 88 38 paix.

242 7034 114 30 Parmi
369 7043 57 21 ces
442 7034 177 37 dernières,
637 7044 43 21 on
696 7035 77 30 n'en
789 7034 66 31 voit
868 7044 63 29 pas
950 7036 56 37 qui
1022 7035 101 31 méri-

240 7073 50 31 tât
307 7073 99 31 d'être
421 7073 152 37 préférée
592 7072 20 32 à.
629 7074 82 30 celle
728 7073 41 30 de
788 7074 44 30 M.
850 7075 126 30 Marcel
994 7067 128 42 Proust.

282 7112 62 30 Ses
360 7112 205 31 détracteurs
582 7114 61 28 ont
658 7111 131 39 objecté
809 7114 80 37 qu'il
914 7121 42 21 ne
975 7113 148 30 réalisait

240 7159 63 32 pas
320 7151 49 30 les
390 7151 187 30 conditions
594 7151 124 31 voulues
770 7159 61 29 par
866 7152 32 30 le
937 7151 186 37 fondateur,

242 7190 92 31 étant
350 7190 72 37 trop
442 7189 71 37 âgé,
530 7190 70 37 trop
618 7190 105 37 riche,
740 7191 35 29 et
791 7190 164 39 patronné
987 7200 61 29 par
1070 7199 52 24 ce-

241 7229 49 30 lui
316 7229 57 30 des
399 7229 166 30 membres
610 7229 41 29 de
694 7229 205 31 l'Académie
926 7231 57 37 qui
1006 7231 51 30 est
1080 7238 41 23 en

241 7268 111 30 même
388 7268 110 37 temps
513 7276 47 21 un
578 7268 135 30 homme
750 7269 171 38 politique.
942 7269 27 29 Il
986 7271 48 28 est
1050 7269 71 30 vrai

242 7314 63 32 que
326 7305 44 31 M.
393 7306 126 31 Marcel
541 7307 119 30 Proust
681 7316 17 21 a
722 7307 252 38 quarante-sept
994 7316 62 22 ans
1078 7309 43 36 (et

240 7348 65 35 non
327 7348 65 35 pas
409 7344 190 39 cinquante,
621 7346 87 31 ainsi
748 7348 97 35 qu'on
866 7347 43 30 l'a
932 7346 68 39 trop
1022 7347 100 38 géné-

235 7385 198 35 reusement
461 7384 155 36 affirmé)..
642 7385 174 31 Comment
842 7386 176 39 prétendre
1042 7386 79 37 qu'il

239 7422 49 31 ait
302 7422 95 32 cessé
413 7422 101 31 d'être
533 7432 46 22 un
597 7423 111 38 jeune,
726 7424 20 30 à
764 7433 65 22 une
849 7425 128 39 époque
994 7426 41 29 où
1056 7426 64 29 l'on

242 7470 21 22 a
280 7461 29 30 si
328 7461 258 32 heureusement
601 7463 163 38 projongé
784 7464 32 30 la
834 7464 169 38 jeunesse,
1022 7465 98 30 sinon

239 7500 38 30 .'la.
291 7500 57 31 vie
362 7501 131 31 même?
509 7501 150 31 N'a-t-on
682 7511 60 29 pas
760 7511 43 21 vu
821 7511 42 22 au
882 7503 124 31 théâtre
1042 7503 78 31 bien

238 7538 61 42 des
310 7539 122 38 jeunes
447 7540 161 38 premiers
622 7542 58 36 qui
696 7541 127 39 avaient
842 7541 91 39 passé
952 7541 91 39 l'âge
1053 7541 67 32 réel

277 7608 36 29 (1)
333 7608 32 25 V.
382 7609 28 24 de
428 7609 103 27 seQoïMl
546 7610 75 27 ton»
637 7609 39 26 de
690 7616 60 20 mes
769 7611 93 26 Livres
884 7610 37 27 du
944 7619 12 15 «
978 7612 98 25 Temos
1098 7620 8 16 »

238 7642 220 29 JEtaite-Ba'U'Dv'

1247 379 17 30 <
1281 379 33 30 Oq
1333 388 139 23 annonce
1493 380 39 29 da
1557 381 206 28 Carcassaone
1797 383 47 29 tes
1866 381 172 36 fiançantes

1160 414 39 30 de
1216 414 73 28 Mile
1308 414 107 36 Andrée
1433 414 124 36 vTuroy,
1577 414 66 30 fffl'le
1661 415 39 29 da
1720 416 37 27 M.
1774 416 97 30 Louis
1888 417 101 34 Turoy
2006 417 33 28 et

1160 448 89 34 Mme,
1268 450 60 28 née
1346 450 131 32 Nonahel,
1497 452 61 28 avec
1574 452 46 28 ile
1641 449 171 31 lieutenant
1830 450 35 31 de
1883 450 156 31 cavalerie

1162 482 119 37 George
1309 484 295 33 toDs-Mayrevielle,
1632 485 130 30 détaché
1789 486 19 28 à
1837 485 201 35 l'état-major

1160 517 40 29 de
1218 519 125 28 l'armée
1358 520 45 27 du
1422 519 89 33 Rhin.
1530 521 108 29 décoré
1657 522 38 28 de
1712 521 33 29 la
1762 520 91 29 Croix
1870 521 40 28 de
1929 527 109 30 guerre

1164 553 153 37 française
1338 555 33 27 et
1389 555 39 29 de
1452 555 30 28 la
1506 555 90 29 Croix
1617 556 38 27 de
1676 562 112 27 guerre
1806 555 94 35 belge,
1925 555 54 28 ils
2001 557 38 27 de

1161 587 40 28 M.
1229 588 34 27 G.
1293 588 291 35 Cros-Mayrevielle,
1614 589 138 32 membre
1776 591 43 28 du
1842 591 118 28 conseil
1988 599 52 20 su-

1164 622 122 34 périeur
1300 622 39 30 de
1352 622 196 30 l'Assistance
1565 623 157 36 publique,
1737 625 127 28 officier
1882 626 37 28 de
1932 627 33 27 lu
1978 625 61 28 Lé-

1161 656 73 35 gion
1257 656 179 36 d'honneur,
1464 660 32 27 et
1518 658 39 28 de
1584 658 87 32 Mme,
1698 659 59 28 née
1782 659 115 29 Mairie.

1254 705 53 29 La
1326 706 104 28 saison
1450 706 19 28 à
1490 706 82 29 Nice.
1654 707 172 30 L'intimité
1846 709 43 28 du
1909 706 100 33 home
2021 709 20 28 à

1161 738 136 33 l'hôtel,
1314 738 34 33 un
1372 739 119 29 service
1521 741 125 40 parfait,
1672 749 42 21 un
1741 743 74 27 luxe
1846 742 87 30 sobre
1958 743 82 28 mais

1162 774 67 27 vrai
1249 775 32 28 et
1294 774 30 27 le
1340 775 159 34 voisinage
1520 775 161 30 immédiat
1698 776 73 29 d'un
1788 778 177 30 restaurant
1982 777 57 29 dé-

1162 806 34 35 jà
1218 808 116 35 réputé,
1361 809 82 28 voilà
1469 817 32 20 je
1524 816 62 28 que
1607 811 63 28 l'on
1690 807 135 32 cherche
1850 811 18 30 à
1886 811 88 30 Nice.
1997 812 43 27 Le

1162 842 106 28 succès
1296 844 43 27 du
1365 844 114 29 Nouvel
1506 843 87 30 Hôtel
1622 846 202 30 Continental,
1854 846 185 29 délicieus'e-

1162 878 86 28 irent
1268 877 82 29 situé
1369 878 87 36 place
1478 877 122 34 Mozart,
1624 879 71 34 près
1716 880 40 27 du
1774 880 212 33 Tennis-Olub,
2008 883 33 27 et

1165 912 52 32 qui
1241 912 106 31 réunit
1372 921 41 20 un
1436 913 155 31 enâearJîle
1614 913 26 28 si
1662 920 73 21 ra.'e
1757 915 38 28 de
1818 915 140 34 qualités,
1981 917 60 27 les-

1162 945 119 28 nuelles
1305 955 38 20 en
1368 948 68 28 font
1458 955 61 21 une
1542 949 220 32 remarquable
1782 949 158 31 résidence
1962 950 79 29 d'hi-

1162 987 64 26 ver,
1244 981 117 30 s'avère
1381 982 140 34 complet.

1260 1029 124 29 L'hiver
1405 1029 20 36 à
1445 1029 195 36 Compiègne.
1724 1032 114 35 Compi'
1866 1039 47 25 ne,
1936 1036 104 25 cenXre

1162 1062 40 29 de
1218 1063 191 35 pèlerinages
1422 1064 40 28 de
1478 1071 122 27 guerre,
1613 1067 49 30 est
1679 1067 33 30 0©
1726 1068 65 27 seul
1806 1066 93 34 point
1914 1068 38 30 de
1969 1068 72 27 l'an-

1162 1098 72 28 cien
1260 1099 85 28 front
1370 1099 62 34 qui,
1460 1099 55 29 dès
1540 1100 200 31 maintenant,
1762 1099 84 33 offre
1870 1109 64 21 aux
1961 1102 78 28 visi-

1166 1132 86 30 teurs
1278 1139 42 22 un
1344 1132 84 29 hôtel
1452 1134 38 28 de
1512 1133 80 34 style
1634 1135 56 28 et
1709 1135 38 27 de
1792 1136 96 34 grand
1910 1137 130 30 confort,

1166 1167 77 30 chau-î
1256 1167 13 30 f
1282 1167 13 30 é
1318 1167 110 27 l'hiver
1454 1167 30 29 et
1506 1167 64 30 .très
1592 1167 113 35 proche
1729 1169 36 27 de
1793 1168 88 31 Paris
1938 1171 101 28 l'hôtel

1165 1200 43 30 du
1230 1201 210 35 Rond-Royal-
1548 1209 38 6 ̃

1288 1300 312 36 S~$~3'â&~d'~
1632 1301 281 31 saC~:€M'A)L,E

1199 1392 41 28 Le
1254 1394 119 29 service
1386 1392 35 28 de
1439 1392 35 28 la
1485 1393 177 35 statistique
1678 1401 20 19 a
1717 1394 174 35 enregistré
1908 1395 135 36 pendant

1168 1427 34 29 la
1219 1427 51 29 52'
1287 1427 117 29 semaine
1425 1428 50 27 878
1498 1427 101 31 décès,
1616 1435 42 20 au
1678 1428 64 28 lieu
1768 1429 40 28 âe
1834 1429 52 28 824
1906 1429 136 37 pendant

1165 1460 40 30 la
1225 1460 138 30 semaine
1380 1460 191 37 précédente,
1586 1463 31 26 et
1632 1462 34 29 au
1683 1462 68 29 lieu
1764 1463 36 27 de
1814 1462 63 29 915.
1890 1472 151 26 moyenne

1166 1496 156 28 ordinaire
1334 1496 37 28 de
1385 1496 32 27 la
1430 1495 118 29 saison.

1200 1531 44 27 La
1272 1531 93 28 fièvre
1398 1530 152 37 typhoïde
1576 1540 20 20 a
1624 1536 92 26 causé
1738 1527 19 39 5
1776 1527 113 39 décès,
1912 1533 31 28 la
1974 1541 70 21 rou-

1165 1565 90 35 geole
1264 1566 28 31 4,
1302 1567 30 26 la
1341 1565 170 31 scarlatine
1522 1568 27 33 3,
1568 1567 31 29 la
1614 1567 182 37 coqueluche
1809 1568 26 32 3,
1850 1568 35 29 la
1900 1568 141 29 diarrhée

1168 1600 144 28 infantile
1326 1599 41 29 12.

1200 1634 24 29 Il
1239 1636 18 34 y
1275 1636 18 34 a
1311 1636 36 34 eu
1365 1636 36 34 27
1413 1638 101 26 morts
1526 1636 198 29 violentes'et
1738 1636 32 28 11
1786 1638 144 28 suicides.

1202 1669 40 37 On
1262 1669 20 37 a
1300 1669 120 31 célébré
1432 1672 21 27 à
1468 1672 89 28 Paris
1569 1671 85 33 1,209
1670 1672 172 35 mariages.
1864 1673 47 28 On
1926 1681 17 21 a
1960 1681 84 21 enre-

1166 1704 99 33 gistré
1284 1704 40 30 la
1346 1705 167 29 naissance
1538 1706 36 28 de
1600 1706 48 27 951
1674 1707 129 28 enfants
1830 1708 127 28 vivants
1981 1708 64 29 (505

1166 1747 134 27 p-arçons
1328 1743 29 24 et
1386 1740 52 29 446
1462 1740 99 33 filles),
1582 1741 76 28 dont
1685 1742 51 28 679
1762 1742 156 34 légitimes
1941 1745 30 26 et
1992 1744 53 28 274

1166 1773 189 36 illégitimes.
1373 1775 104 28 Parmi
1490 1783 50 20 ces
1554 1775 146 35 derniers,
1717 1775 33 35 23
1763 1779 54 27 ont
1832 1779 48 26 été
1893 1785 151 21 reconnus

1166 1809 114 28 séance
1293 1812 136 25 tenante.

1218 1905 130 39 Xj-A.
1406 1906 583 42 FOURRURE

1206 1998 43 29 La
1266 1998 78 30 belle
1364 1999 148 31 fourrure
1530 2002 48 27 est
1598 2007 73 24 rare,
1693 1998 80 31 mais
1789 2001 111 34 jamais
1920 2002 56 27 elle
1997 2002 49 29 n'a

1169 2033 49 30 été
1241 2035 67 33 plus
1329 2034 17 28 à
1368 2036 29 26 la
1418 2034 97 29 mode.
1534 2035 45 29 La
1602 2035 111 30 femme
1737 2035 136 35 éiléganto
1890 2036 63 29 sait
1970 2038 76 33 qu'il

1168 2067 78 29 n'est
1265 2076 53 27 pas
1338 2069 37 29 de
1394 2070 68 33 plus
1482 2069 85 33 jolie,
1590 2070 35 27 de
1644 2071 71 33 plus
1734 2071 176 32 séduisante
1932 2079 114 27 parure

1170 2109 59 27 que
1254 2103 28 28 la
1308 2103 150 41 zibe!iaev
1476 2104 25 26 !e
1524 2104 96 32 vison,
1646 2105 27 27 le
1700 2107 117 27 renard
1837 2106 69 28 bleu
1932 2113 39 21 ou
1998 2115 49 20 ar-

1169 2138 95 33 genté,
1287 2138 158 32 l'ondatra,
1484 2141 30 27 le
1550 2139 213 32 breMchwanz,
1786 2148 78 27 pour
1885 2140 162 30 énumérer

1170 2171 86 28 d'une
1281 2173 93 28 traite
1398 2174 44 28 les
1468 2174 172 34 pelleteries
1664 2175 165 29 luxueuses
1852 2173 153 31 destinées
2030 2178 17 27 à

1169 2207 127 28 devenir
1317 2210 165 25 manteaux
1502 2211 40 27 du
1562 2208 73 35 goût
1650 2210 31 27 le
1702 2209 68 34 plus
1788 2210 117 34 parfait
1922 2211 33 29 et
1974 2211 73 29 d'un

1169 2240 71 27 luxe
1264 2241 236 37 incom'parable.
1661 2244 17 27 ©

1208 2260 189 48 Grunwaldt,
1421 2278 36 29 de
1481 2277 36 29 ta
1535 2277 53 29 rue
1606 2279 35 29 de
1659 2279 35 29 là
1716 2278 90 33 Paix,
1824 2278 72 33 dont
1914 2287 42 21 on
1974 2288 73 21 con-

1169 2310 67 29 naît
1264 2311 43 28 les
1332 2310 177 31 collections
1538 2313 129 34 uniques
1693 2320 40 21 en
1756 2310 132 37 général,
1918 2315 129 33 possède

1170 2353 60 21 une
1254 2345 124 28 réserve
1402 2346 41 28 de
1470 2346 164 30 fourrures
1660 2347 50 35 qui
1727 2347 99 35 [offre
1846 2349 27 27 le
1901 2348 91 29 choix
2021 2351 26 27 le

1170 2379 69 33 plus
1258 2379 155 30 abondant
1432 2387 61 22 aux
1513 2381 183 28 Parisiennes
1748 2382 32 30 et
1818 2390 60 21 aux
1914 2385 133 33 grandes

1170 2413 111 28 dames.

1221 2448 35 31 Do
1277 2450 189 28 l'accessoire
1489 2451 37 27 de
1547 2451 121 28 toitette
1690 2452 186 35 somptueux
1898 2454 38 28 au
1955 2454 94 28 vête-

1170 2490 86 24 ment
1281 2484 200 35 magnifique,
1510 2485 20 28 il
1552 2491 20 27 y
1594 2494 20 20 a
1638 2485 36 32 là,
1704 2486 40 29 du
1770 2487 88 32 reste,
1889 2487 99 31 toute
2008 2487 40 31 la

1170 2525 121 26 gamme
1310 2519 77 29 dont
1410 2518 74 32 elles
1505 2524 139 30 ipeuvent
1662 2521 98 31 rêver,
1785 2523 31 27 et
1838 2522 74 30 dont
1934 2523 21 29 il
1977 2525 69 26 ileur

1173 2554 45 27 est
1241 2553 91 27 facile
1354 2555 40 29 de
1420 2553 79 28 faire
1525 2561 103 29 passer
1649 2557 32 27 la
1704 2556 72 29 note
1797 2557 31 28 la
1850 2558 68 32 plus
1944 2557 102 30 sédui-

1169 2589 89 28 sante
1277 2588 65 29 dans
1359 2588 49 29 le.
1425 2588 142 29 domaine
1585 2590 55 28 des
1661 2589 126 33 réalités
1808 2590 161 35 élégantes.

1171 2684 228 54 GOtiEEŒ
1432 2685 231 52 INOOSTRIE
1689 2685 52 52 ET
1767 2685 282 52 âGRiCULTURE

1402 2788 153 42 RSarché
1576 2788 78 33 des
1676 2787 162 35 métaux

1202 2839 60 27 Les
1282 2838 122 34 feuilles
1420 2840 37 28 de
1474 2840 136 35 l'Agence
1629 2842 192 35 Economique
1834 2844 28 25 et
1876 2843 171 29 Financière

1169 2871 166 35 jdirecteur
1348 2873 215 37 Yves-Guyot)
1578 2878 72 25 sont
1665 2877 245 35 accompagnées
1922 2879 126 36 aujour-

1169 2905 84 30 d'hui
1277 2907 69 29 d'un
1370 2908 196 38 supplément
1589 2910 115 36 spécial
1720 2911 151 29 consacré
1886 2919 62 21 aux
1965 2921 83 28 pers-

1170 2942 138 35 pectives
1321 2942 40 29 du
1376 2944 129 28 Marché
1520 2945 52 28 des
1586 2946 129 27 métaux
1729 2945 68 38 pour
1814 2945 85 38 1920.

1171 2991 113 20 r:

1271 3045 662 76 HjËÔROLOQIE

1261 3168 78 28 C'est
1349 3170 67 28 avec
1433 3170 34 28 le
1480 3168 68 35 plus
1564 3168 132 35 profond
1710 3169 105 33 regret
1829 3175 57 28 que
1902 3176 78 21 nous
1990 3176 59 27 ap-

1169 3208 136 29 prenons
1325 3203 27 28 le
1370 3201 90 30 décès
1478 3202 38 28 de
1536 3202 79 28 Mme
1634 3202 156 28 Gabrielle
1808 3202 239 33 Frank-Puaux,

1169 3244 139 21 survenu
1329 3238 28 26 le
1380 3238 37 28 30
1438 3236 167 33 décembre,
1628 3237 91 33 après
1740 3244 60 20 une
1822 3238 108 27 courte
1950 3238 98 27 mala-

1170 3271 60 29 die.
1253 3273 83 27 Cette
1360 3272 113 28 femme
1494 3272 37 27 de
1553 3271 97 34 grand
1670 3278 93 26 cœur,
1784 3272 74 28 dont
1878 3271 30 29 la
1930 3270 119 30 charité

1170 3305 73 29 s'est
1262 3304 160 37 employée
1442 3307 134 34 pendant
1597 3307 67 27 tant
1684 3306 142 28 d'années
1846 3312 41 22 au
1908 3307 141 33 soulage-

1170 3343 85 27 ment
1282 3341 52 28 des
1361 3341 128 28 misères
1517 3341 139 32 sociales,
1684 3340 100 29 s'était
1810 3341 72 32 plus
1910 3340 139 33 particu-

1170 3373 164 31 lièrement
1353 3374 137 30 dévouée
1510 3383 62 20 aux
1593 3374 96 36 petits
1710 3375 125 28 enfants
1857 3382 134 25 pauvres
2013 3375 37 28 de

1170 3410 31 28 la
1222 3406 116 39 grandé
1357 3410 246 35 agglomération
1626 3410 186 35 parisienne.
1834 3411 140 27 L'œuvre
1998 3410 52 28 des

1172 3444 139 32 Colonies
1333 3446 37 28 de
1390 3452 151 23 vacances
1558 3446 111 33 qu'elle
1694 3444 156 42 présidait,
1876 3446 92 31 avait,
1992 3446 59 29 l'an

1170 3479 133 33 dernier,
1324 3479 128 36 dépassé
1486 3478 30 30 le
1550 3478 116 29 chiffre
1688 3477 38 31 de
1756 3477 128 34 100,000
1906 3480 144 35 pupilles.

1169 3514 86 29 Cette
1278 3514 90 29 tâohe
1390 3515 168 30 écrasante,
1581 3514 74 28 dont
1678 3514 30 27 la
1730 3521 112 26 guerre
1865 3514 84 28 avait
1973 3521 76 27 aug-

1169 3550 103 27 menté
1290 3549 44 28 les
1350 3549 113 33 soucis,
1478 3555 21 22 a
1516 3547 224 30 certainement
1754 3548 163 29 contribué
1935 3549 17 28 à
1969 3549 81 29 cette

1170 3584 48 27 fin
1237 3583 196 36 prématurée
1453 3583 90 28 d'une
1561 3583 90 28 noble
1669 3582 60 30 vie.

1209 3619 80 28 Mme
1306 3618 164 29 Gabrielle
1497 3618 233 28 Frank-Puaux
1757 3618 76 29 était
1860 3619 31 27 la
1918 3619 68 27 fille
2012 3619 38 28 de

1170 3653 39 29 M.
1234 3653 146 28 Frédéric
1406 3653 111 32 Mallet,
1545 3653 28 27 le
1597 3652 136 34 regretté
1760 3651 159 35 président
1944 3651 37 29 de
2018 3654 31 27 la

1169 3688 147 29 chambre
1334 3689 38 28 de
1386 3695 172 21 commerce
1577 3688 42 27 du
1637 3688 110 27 Havre.

1209 3723 83 29 Nous
1306 3722 163 29 adressons
1485 3723 20 27 à
1520 3722 37 28 M.
1570 3721 240 32 Frank-Puaux,
1828 3722 18 28 à
1860 3727 50 23 ses
1925 3722 124 29 enfants

1169 3759 33 27 et
1241 3757 246 36 petits-enfants,
1514 3764 61 21 aux
1614 3755 134 31 familles
1774 3754 155 36 Siegfried
1954 3757 32 27 et
2012 3757 37 28 de

1170 3793 119 39 Coppet
1306 3791 202 37 l'expression
1526 3791 36 28 de
1578 3791 91 29 notre
1688 3791 219 33 respectueuse
1925 3798 123 28 sympa-

1174 3826 73 29 thie.

1210 3863 43 29 Le
1268 3863 118 29 service
1418 3861 131 29 funèbre
1566 3869 77 21 aura
1658 3860 65 30 lieu
1753 3861 28 28 le
1810 3860 119 30 samedi
1944 3862 16 26 3
1978 3861 71 35 jan-

1170 3895 77 35 vier,
1269 3896 19 28 à
1306 3895 19 34 2
1344 3895 127 34 heures,
1489 3895 20 28 à
1529 3894 115 35 l'église
1662 3894 40 29 de
1722 3894 161 30 l'Oratoire
1902 3895 43 27 du
1966 3895 82 29 Lou-

1169 3938 65 22 vre,
1254 3932 41 24 où
1316 3929 72 28 l'on
1406 3929 36 28 se
1460 3929 232 28 ré-unirarB-no
1709 3936 70 20 sera
1798 3930 51 33 pas
1866 3930 101 33 envoyé
1984 3930 67 33 -eta

1170 3962 109 30 lettres
1302 3962 38 31 de
1358 3963 194 35 faire-part.
1641 3971 6 10 •̃•̃

1258 4009 87 28 Nous
1362 4016 178 30 apprenons
1566 4017 79 21 avec
1668 4006 106 40 regret
1794 4009 34 29 la
1846 4011 85 27 mort
1950 4010 38 28 de
2006 4011 42 27 M.

1172 4043 120 31 Xavier
1313 4039 144 39 Niesseri,
1470 4043 160 37 président
1648 4044 165 33 fpnaatèur
1826 4044 38 28 de
1886 4044 33 28 la
1930 4045 119 27 Société

1170 4077 40 28 de
1234 4079 198 35 prévoyance
1456 4082 31 24 et
1510 4079 38 27 de
1573 4087 125 19 secours
1718 4078 136 29 mutuels
1882 4079 56 28 des
1962 4079 89 30 AlBa-

1170 4112 255 34 ciens-Lorrains,
1453 4113 168 28 secrétaire
1648 4113 128 36 général
1810 4114 168 28 fondateur
2008 4114 44 27 du

1170 4146 156 29 Souvenir
1336 4147 146 35 français.
1500 4148 58 27 Les
1578 4147 154 36 obsèques
1745 4150 73 25 sont
1830 4148 98 29 fixées
1941 4149 19 27 à
1973 4156 74 21 ven-

1169 4181 89 29 dredi
1282 4182 158 35 prochain,
1459 4182 17 35 2
1493 4182 135 35 janvier,
1650 4190 38 20 en
1710 4182 119 36 l'église
1854 4183 192 29 Saint-Jean-

1170 4216 153 35 Baptiste,
1342 4217 60 33 158,
1416 4223 121 25 avenue
1556 4217 37 28 de
1614 4217 136 36 Neuilly,
1765 4218 20 27 à
1809 4216 135 36 Neuilly,
1964 4218 21 26 à
1996 4217 54 28 dix

1169 4250 113 29 heures
1297 4250 44 28 du
1352 4252 107 27 matin.
1474 4251 48 28 On
1537 4260 34 19 se
1592 4252 127 27 réunira
1730 4253 21 26 à
1772 4251 33 28 la
1826 4251 123 37 maison
1970 4258 80 22 mor-

1167 4285 115 34 tuaire,
1297 4286 60 33 137,
1371 4288 121 26 avenue
1502 4286 37 28 de
1554 4285 147 36 Neuillly,
1718 4285 17 36 à
1752 4285 294 36 Neuilly-sur-Seine.

1168 4320 43 28 Le
1225 4321 125 36 présent
1368 4320 73 28 avis
1454 4320 79 28 tient
1545 4320 63 29 lieu
1622 4320 37 28 de
1672 4319 266 37 faire-part.
2013 4319 25 37 >

1251 4369 89 27 Nous
1352 4375 177 29 apprenons
1549 4367 29 29 le
1598 4367 90 29 décès
1702 4368 38 28 de
1758 4368 43 28 M.
1820 4368 111 28 Ernest
1944 4365 104 32 Pikxn-

1166 4410 94 26 neau,
1274 4398 164 32 conseiller
1452 4402 42 29 du
1518 4410 171 20 commerce
1702 4402 167 34 extérieur,
1885 4398 164 40 agenttgé-

1166 4437 92 28 néral
1281 4437 38 28 de
1346 4437 33 29 la
1404 4437 122 28 maison
1553 4435 238 30 Lefèvre-Utile.
1820 4438 58 27 Les
1897 4434 151 38 obsèques

1168 4473 116 26 auront
1297 4472 63 28 lieu
1384 4473 20 28 à
1430 4472 91 28 Paris
1541 4471 29 29 le
1592 4471 152 29 vendredi
1762 4472 17 27 2
1792 4471 126 36 janvier
1938 4471 74 34 192P,
2029 4474 20 26 à

1168 4506 35 29 10
1217 4506 125 33 heures,
1352 4514 41 21 en
1406 4506 120 36 l'église
1541 4506 440 29 Saint-Germain-l'Auxerroia
2006 4514 42 21 on

1168 4549 35 19 se
1218 4542 127 27 réunira
1365 4543 20 25 à
1405 4540 130 37 l'église.
1550 4541 37 27 M.
1606 4541 37 27 E.
1662 4541 179 28 Pironneau
1854 4541 78 27 était
1942 4541 31 33 le
1989 4541 61 33 pro-

1162 4580 130 24 tnoteur
1308 4575 41 29 du
1368 4576 103 36 projet
1485 4575 37 29 de
1541 4575 37 29 la
1589 4578 84 25 carte
1688 4574 159 29 d'identité
1862 4575 131 36 profess
2012 4575 38 36 n-

1165 4610 85 28 nelle
1264 4610 56 28 des
1334 4616 182 31 voyageurs
1537 4609 38 29 de
1590 4617 170 21 commerce
1773 4613 33 24 et
1817 4611 161 36 représentants

1169 4644 38 29 dé
1222 4652 172 21 commerce
1406 4646 76 27 voté
1494 4652 58 29 par
1566 4645 28 27 le
1609 4644 188 31 Parlement.
1906 4611 72 111 "ut
2012 4702 35 20 ~)_

1272 4694 44 28 La
1337 4693 119 30 famille
1478 4694 41 29 de
1542 4694 80 26 Mme
1648 4692 135 30 Mathieu
1808 4694 144 34 'Dreyfus,
1980 4702 14 26 ]
2008 4702 41 26 ro-

1165 4728 186 34 ^ondément
1368 4727 132 30 touchée
1518 4729 56 28 dea
1592 4728 209 35 témoignages
1819 4729 40 29 de
1878 4729 170 28 hie

1170 4763 113 34 qu'elle
1305 4771 18 20 a
1344 4770 97 27 reçus,
1460 4763 70 35 prie
1553 4763 73 28 tous
1645 4769 79 23 ceux
1741 4764 56 33 qui
1820 4770 34 21 se
1873 4764 124 29 sont'

1168 4798 66 28 ciés
1250 4800 20 26 à
1286 4805 60 22 son
1362 4798 85 30 deuil
1466 4798 39 29 de
1525 4798 127 30 trouver
1673 4798 40 28 ici
1730 4806 49 21 ses
1798 4798 184 29 remerciera
1997 4799 50 28 nfe

1170 4831 97 29 émus.

1170 4831 97 29 émus.
1981 4841 6 34 1

1248 4878 50 29 On
1310 4885 142 22 annonce
1465 4878 35 29 la
1510 4879 85 28 mort
1618 4879 38 28 de
1674 4879 84 28 Mme
1778 4878 105 29 David
1894 4876 91 32 Léon]
1998 4879 50 29 dé-

1169 4912 92 29 cédée
1290 4920 39 21 en
1350 4921 60 20 son
1434 4912 160 35 domicile,-
1606 4914 61 33 184,
1689 4920 122 23 avenue
1833 4914 212 36 Viotor-Hngo.

1170 4947 93 28 Selon
1276 4946 33 30 la
1321 4948 128 28 volonté
1462 4948 38 28 de
1520 4948 33 28 la
1570 4948 128 28 défunte
1713 4948 50 28 les
1777 4948 153 37 obsèques
1945 4957 18 21 oit
2010 4957 36 20 en

1169 4981 64 29 lieu
1244 4982 194 29 strictement
1452 4990 39 21 on
1505 4983 129 29 famille.

1206 5031 138 28 –/Mme
1365 5039 102 20 veuve
1494 5031 121 36 Chapot
1642 5031 49 28 est
1718 5029 131 30 décédée
1869 5032 87 28 muni
1993 5030 52 30 des

1172 5068 192 27 sacrements
1378 5065 39 29 de
1430 5062 136 39 l'Eglise,
1580 5065 19 29 à
1610 5065 81 36 l'âge
1705 5064 38 29 de
1758 5065 34 29 80
1806 5070 67 24 ans.
1890 5066 67 29 Obs
1980 5066 67 29 ues

1168 5099 152 29 vendredi
1333 5101 18 27 2
1360 5100 136 36 janvier,
1510 5101 21 27 à
1545 5100 34 28 10
1593 5100 123 34 heures,
1732 5101 20 27 à
1766 5099 92 30 Saint
1870 5098 129 39 Sulpije.
2016 5098 33 39 où

1168 5133 61 30 l'on
1242 5143 34 21 se
1290 5135 137 28 réunira.
1438 5134 199 29 Inhumation
1650 5136 20 28 à
1682 5134 166 31 Grenoble.
1860 5134 37 29 Ni
1909 5135 92 28 fleurs
2014 5136 32 27 ni

1169 5176 182 22 couronnes.
1366 5170 42 29 Le
1422 5168 127 37 présent
1569 5170 72 28 avis
1662 5169 80 30 tient
1764 5168 62 30 lieu
1842 5168 199 30 d'invitïtion.

1166 5203 90 29 Delà
1274 5205 72 35 part
1360 5204 37 28 de
1413 5211 51 21 ses
1485 5205 116 27 enfants
1649 5204 43 28 M.
1710 5204 95 28 Henri
1824 5202 222 39 ChapotJingé-

1166 5239 90 28 nieur
1281 5239 74 28 civil
1374 5239 56 27 des
1454 5238 116 33 mines;
1586 5239 43 27 M.
1650 5238 106 28 Victor
1776 5237 129 39 Chapot,
1926 5239 119 29 docteur

1168 5274 35 26 ès
1216 5273 126 33 lettres;
1357 5271 67 30 Mme
1447 5271 45 30 V.
1502 5273 129 35 Ghapot,
1641 5272 59 28 née
1712 5272 112 31 Adam,
1836 5277 32 24 et
1881 5270 37 31 âè
1965 5282 16 20 s
1993 5281 52 28 pe-

1168 5305 215 31 tits-enfants.
1400 5305 34 31 La
1444 5307 127 29 défunte
1580 5306 77 30 était
1666 5307 88 29 nièce
1765 5306 142 32 d'Hector
1921 5307 121 32 BpHoz.

1173 5457 40 30 de
1234 5456 44 31 M.
1300 5456 125 31 Marcel
1446 5455 128 39 Proust,
1596 5457 89 30 voire
1704 5457 90 31 celui
1817 5457 93 38 qu'on
1929 5457 38 38 eé
1985 5456 58 33 ha-

1170 5495 62 31 tait
1246 5496 73 38 trop
1332 5497 41 28 de
1389 5495 49 30 lui
1454 5496 177 30 attribuer?
1646 5496 186 37 D'ailleurs,
1845 5499 42 28 au
1903 5496 88 39 pbint
2009 5496 36 39 de

1170 5542 64 22 vue
1250 5534 158 30 littéraire
1426 5535 31 29 et
1472 5534 182 38 artistique,
1669 5535 90 30 l'état
1794 5535 76 31 civil
1889 5536 86 37 n'est
1993 5536 52 37 pas

1170 5573 79 30 tout.
1264 5573 54 30 Un
1332 5573 112 38 jeune,
1456 5573 81 31 c'est
1550 5581 46 23 un
1612 5574 169 36 débutant,
1794 5573 58 38 qui
1865 5575 76 38 peit
1942 5575 101 29 avoir

1170 5611 121 31 débuté
1305 5611 230 39 tardivement,
1553 5620 43 24 ou
1612 5612 103 30 n'être
1733 5614 149 37 parvenu
1941 5620 16 23 e
1970 5613 72 30 'len-

1169 5650 125 31 tement
1313 5659 41 23 au
1376 5651 116 30 succès
1514 5650 128 31 décisif.
1661 5651 30 30 A
1712 5651 50 30 cet
1781 5651 110 39 égard,
1928 5652 112 37 Musset,

1170 5689 23 30 à
1210 5689 280 39 vingt-cinq%ns,
1512 5690 88 32 avait
1618 5690 94 30 cessé
1753 5689 97 32 d'être
1870 5700 24 21 u
1932 5691 109 37 jeune,

1170 5728 88 30 mais
1276 5729 248 37 Jean-Jacques
1548 5737 41 21 en
1610 5729 77 30 était
1728 5737 46 21 un
1794 5737 115 23 encore
1924 5730 20 30 à
1962 5734 79 33 qua-

1168 5768 95 29 rante
1286 5775 72 29 ans,
1381 5768 151 38 Debussy
1553 5766 43 31 de
1618 5768 110 30 même
1750 5767 290 41 jusqu'àjPeZWas,

1168 5806 32 30 et
1220 5806 154 30 Edouard
1394 5805 78 31 Lalo
1494 5806 19 31 à
1533 5806 150 31 soixante
1702 5807 159 37 jusqu'au
1905 5808 31 30 Êoi
1954 5805 86 33 d'Ys.

1166 5845 174 31 Plusieurs
1354 5845 165 38 gagnants
1540 5845 42 38 du
1600 5845 72 38 prix
1688 5845 176 37 Goncourt,
1882 5847 84 28 entre
1980 5853 59 23 au-

1167 5884 67 30 tres
1256 5884 44 30 M.
1321 5884 102 30 Henri
1465 5883 167 34 Barbusse
1670 5886 33 29 et
1744 5885 43 31 M.
1806 5884 85 33 Léo
1912 5885 127 38 Frapié,

1168 5923 134 34 avaient
1318 5923 189 38 également
1521 5923 101 38 passé
1636 5924 34 30 la
1688 5920 226 74 quarantaine.

1207 5961 44 30 M.
1268 5960 123 36 Marcel
1413 5963 119 29 Proust
1546 5963 125 30 n'avait
1688 5970 121 23 encore
1826 5962 113 37 donné,
1955 5963 84 30 dans

1169 6008 38 22 sa
1229 6000 134 39 période
1386 6001 40 30 de
1452 6001 125 36 débuts,
1602 6002 180 37 prolongée
1804 5995 59 45 par
1883 5995 40 45 sa
1944 6001 103 31 mau-'

1166 6039 92 31 vaise
1278 6040 103 36 santé,
1402 6048 63 30 que
1486 6040 158 37 quelques
1660 6040 110 31 essais
1790 6042 30 29 et
1838 6041 53 31 des
1892 6041 146 33 traduc-

1166 6078 87 30 tions
1274 6079 41 29 de
1338 6078 139 36 Ruskin,
1497 6078 63 38 par
1581 6078 42 38 où
1641 6079 31 30 il
1688 6079 106 30 s'était
1809 6073 228 49 recommandé

1169 6116 20 31 à
1208 6116 32 31 la
1260 6117 189 38 sympathie
1493 6118 54 30 des
1590 6116 136 32 délicats
1748 6118 32 30 et
1797 6108 241 41 des/amateurs

1168 6155 89 38 d'art,
1278 6156 88 30 mais
1402 6164 70 23 non
1505 6157 67 38 pas
1610 6157 134 37 signalé
1764 6157 20 37 à
1797 6157 178 31 l'atiention
1994 6158 44 30 du

1168 6195 105 36 grand
1292 6195 122 38 public.
1436 6195 27 29 A
1484 6195 135 31 l'ombre
1662 6196 56 30 des
1756 6196 115 38 jeunâs
1888 6194 89 40 filles
1997 6206 42 21 en

1165 6233 108 38 fleurs
1294 6234 84 30 n'est
1398 6242 64 30 que
1482 6242 62 22 son
1566 6235 119 30 second
1706 6236 118 36 roman,
1844 6236 40 36 et
1904 6236 53 37 qui
1978 6245 61 22 au-

1167 6272 64 30 rait
1249 6271 50 31 été
1317 6273 113 37 publié
1450 6274 115 37 quatre
1582 6282 43 22 ou
1644 6274 78 37 cinq
1742 6282 59 23 ans
1821 6274 71 39 plus
1914 6275 53 37 tôt,
1986 6275 55 29 s'il

1166 6311 58 37 n'y
1246 6311 88 30 avait
1351 6321 40 21 eu
1409 6312 33 29 la
1458 6321 128 29 guerre.
1606 6313 41 30 Ce
1665 6313 85 30 n'est
1765 6312 52 39 pas
1835 6312 52 39 tin
1904 6321 135 23 roman-

1166 6350 70 30 cier
1253 6350 115 30 arrivé.
1406 6351 61 31 Les
1509 6350 148 31 volontés
1694 6351 345 34 d'Edmohdjàe.<3ronr-

1166 6390 93 29 court
1278 6395 42 25 ne
1340 6390 176 30 l'excluent
1534 6399 63 29 pas
1617 6391 39 29 de
1676 6399 36 21 ce
1733 6391 85 30 chef.
1836 6391 106 35 Qjiant
1962 6393 20 30 à
2001 6400 40 22 sa

1168 6428 143 37 fortune,
1336 6428 34 38 je
1394 6429 77 30 n'en
1497 6430 68 29 sais
1597 6438 60 29 pas
1682 6429 31 30 le
1737 6431 248 38 compiamais
2014 6431 25 29 il

1166 6467 85 31 n'est
1266 6474 63 31 pas
1348 6475 46 22 un
1414 6468 151 30 nouveau
1576 6468 114 37 .riche,
1707 6468 33 37 ce
1757 6468 55 38 qui
1830 6471 93 30 suffit
1940 6470 100 38 géné-

1166 6506 172 37 ralement,
1354 6506 55 39 par
1428 6506 37 39 le
1480 6507 109 39 temps
1610 6507 56 38 qui
1682 6508 102 36 court,
1801 6508 87 37 pour
1896 6517 145 24 ressem-

1166 6544 71 32 bler
1256 6545 172 38 beaucoup,
1448 6545 20 38 à
1480 6554 46 22 un
1544 6546 153 30 nouveau
1734 6554 131 30 pauvre^
1882 6547 96 29 Enfin
1996 6548 49 29 M.-

1168 6581 84 32 J.-H.
1270 6583 113 39 Rosny
1404 6584 74 30 aîné
1500 6593 21 22 a
1538 6584 141 37 déclaré,
1698 6586 85 30 dans
1804 6586 48 35 un(
1868 6586 111 35 article
2000 6586 41 30 de

1168 6620 177 39 Comœdia,
1365 6631 63 29 que
1446 6623 86 31 celui
1549 6622 40 31 de
1606 6631 55 23 ses
1677 6623 178 39 collègues)
1873 6623 107 39 auquel
1997 6632 43 22 on

1166 6669 21 21 a
1205 6660 70 32 fait
1293 6660 139 32 allusion
1448 6662 141 38 n'était
1610 6662 81 38 même
1712 6662 61 38 pas
1790 6663 171 30 intfcrvefiu
1977 6663 63 30 'au-

1166 6698 80 37 près
1259 6700 40 30 de
1313 6700 49 30 lui
1374 6701 40 30 en
1434 6701 119 30 faveur
1568 6701 99 30 de'M.
1682 6702 126 29 Proust.
1826 6701 125 31 'eût-il
1968 6702 72 36 fait,

1168 6746 63 29 que
1250 6739 70 29 cela
1338 6748 42 21 ne
1402 6739 195 38 changerait
1613 6740 72 31 rien
1704 6740 20 30 à
1741 6739 36 40 la
1795 6739 161 40 question.
1974 6740 68 30 Ed-

1166 6778 89 29 mond
1278 6778 45 29 de
1338 6777 167 31 Goncourt
1518 6778 150 30 détestait
1680 6779 187 35 l'intrusion
1881 6779 39 30 de
1934 6780 33 29 la
1981 6787 59 31 po-

1165 6816 115 37 litique
1296 6816 85 31 dans
1397 6817 35 29 la
1448 6816 190 37 littérature,
1654 6816 79 44 mais
1753 6816 40 44 la
1813 6816 157 44 éditique
1984 6818 55 30 n'a

1164 6854 208 37 aucun
1390 6855 69 30 rôle
1482 6856 83 31 dans
1584 6856 35 29 la
1638 6857 139 29 carrière
1799 6851 39 35 de
1858 6851 39 35 M.
1916 6854 122 33 Marcel

1166 6894 127 36 Proust,
1309 6894 57 37 qui
1381 6894 47 29 est
1441 6902 47 22 un
1502 6903 64 29 pur
1578 6894 136 31 homme
1729 6895 41 30 de
1785 6895 117 37 lettres,
1914 6896 34 30 et
1961 6897 76 29 n'en

1164 6931 79 37 joue
1264 6940 110 23 aucun
1394 6933 87 30 dans
1502 6941 61 24 son
1584 6934 92 35 livre,
1694 6933 81 31 dont
1789 6929 52 43 ja.
1859 6929 103 43 valeur
1984 6935 52 29 lit-

1164 6970 121 31 téraire
1308 6972 83 30 n'est
1414 6980 60 30 pas
1497 6972 121 30 niable.
1645 6972 81 35 Quoi
1746 6972 139 42 encore?
1913 6967 49 39 On
1985 6982 52 21 re-

1165 7010 124 37 proche
1310 7010 21 37 à
1348 7019 39 21 ce
1410 7011 187 30 romancier
1638 7010 98 31 d'être
1762 7011 168 38 nXmdain.
1954 7011 83 30 C'©«t

1166 7056 59 23 son
1243 7048 92 37 droit,
1350 7048 34 31 et
1397 7049 30 30 le
1441 7057 62 22 cas
1517 7051 84 29 n'est
1617 7057 61 30 pas
1692 7049 104 38 prévq
1814 7056 61 31 par
1890 7050 147 30 le.testa-

1166 7087 91 31 ment
1272 7086 173 40 Goncourfc,
1464 7089 56 37 qui
1536 7085 214 45 fréquentait
1770 7085 156 45 lù|-même
1944 7090 93 36 quel-

1166 7134 81 29 ques
1282 7127 124 37 salons,
1441 7127 209 31 notamftront
1665 7127 84 30 celui
1765 7127 38 30 de
1820 7125 31 32 la
1865 7125 172 40 princesse

1164 7164 170 38 MatMldç,
1353 7166 31 29 et
1398 7167 57 36 qui
1470 7166 85 30 n'est
1566 7174 65 30 pas
1646 7158 183 39 seulement
1841 7166 141 30 l'auteur
1997 7168 39 30 de

1164 7203 165 32 Germinie
1350 7203 185 32 Lacerteux
1554 7205 36 30 et
1608 7205 36 30 de
1661 7205 35 30 la
1712 7204 83 31 Fille
1814 7198 97 43 falisa,
1949 7206 86 30 mais

1164 7243 91 30 aussi
1272 7244 40 29 de
1329 7243 114 30 Chérie
1462 7244 30 29 et
1508 7244 42 30 de
1565 7242 103 40 Renée
1689 7242 184 40 Maupeçin.
1886 7245 28 29 Il
1936 7244 114 30 serait-

1164 7282 91 29 aussi
1274 7282 142 30 absurde
1433 7283 42 29 de
1494 7283 139 38 frapper
1650 7279 222 46 d'ostracisme
1889 7283 45 30 tel
1954 7282 81 31 écri-

1162 7320 89 37 vain,
1266 7329 102 30 parce
1386 7322 79 38 qu'il
1482 7323 146 28 va'dans
1645 7322 30 29 le
1693 7314 125 50 mond^
1836 7329 63 30 que
1915 7321 43 30 tel
1977 7330 57 23 au-

1162 7359 52 36 tre
1232 7359 52 36 (ou
1298 7361 42 35 le
1361 7361 105 35 même,
1482 7369 55 21 car
1554 7369 37 21 ce
1608 7360 87 30 n'est
1709 7368 64 31 pas
1790 7360 241 40 incompatible)

1162 7406 99 29 parce
1281 7399 77 37 qu'il
1377 7408 19 21 a
1413 7399 100 37 gardé
1529 7397 179 33 l'habitude
1727 7395 107 41 d'al-Jer
1850 7407 42 23 au
1910 7397 85 33 café.

1201 7440 41 30 Ce
1270 7441 56 37 qui
1353 7442 20 30 a
1393 7442 98 30 aussi
1517 7440 64 31 fait
1606 7442 44 29 du
1676 7437 71 45 tort
1765 7437 36 45 àj
1826 7438 45 33 M.
1910 7441 125 30 Marcel

1160 7478 134 38 Proust,,
1311 7478 34 38 et
1366 7478 34 32 là
1422 7480 24 30 il
1469 7488 22 30 y
1516 7488 20 21 a
1560 7481 140 37 quelque
1724 7472 70 45 peu!
1812 7472 35 45 de
1870 7487 40 23 sa
1933 7480 103 36 faute,

1158 7519 82 29 c'est
1262 7519 80 37 qu'il
1366 7520 50 28 est
1438 7518 167 33 vraiment
1626 7517 97 31 d'une
1748 7510 114 39 ledure
1886 7515 148 34 difficile.

1158 7557 28 29 Il
1218 7555 78 32 l'est
1312 7555 47 32 'de
1388 7558 87 30 deux
1505 7557 126 36 façons.
1662 7552 146 48 D'abor^,
1834 7554 201 34 matérielle-

1158 7597 103 36 ment,
1277 7604 63 30 par
1356 7597 34 28 la
1405 7597 163 36 longueur
1584 7594 141 32 inusitée
1742 7596 102 52 defses
1861 7604 172 30 ouvrages.

1161 7635 51 28 Du
1241 7634 68 30 côté
1338 7635 41 29 de
1408 7635 78 30 chez
1512 7635 141 32 Swann,
1678 7633 46 33 déi
1740 7633 31 33 à.
1781 7633 83 37 m'en
1890 7634 145 33 finissait

2162 380 59 27 Les
2232 378 152 37 obsèques
2397 378 38 28 de
2453 378 85 29 Mme
2550 377 140 30 Maurice
2701 378 111 34 Thésé,
2826 378 132 30 décédée

2078 414 205 36 pieusement,
2293 413 32 34 8,
2341 413 48 34 rue
2405 413 164 36 Decamps,
2592 413 91 36 après
2706 420 61 21 une
2788 413 114 36 longue
2922 416 33 26 et

2078 447 201 35 douloureuse
2298 447 146 35 maladie,
2456 450 113 26 auront
2590 447 64 28 lieu
2674 447 29 29 le
2722 448 120 28 samedi
2858 448 17 35 3
2892 448 67 35 jan-

2078 483 79 34 vier,
2170 484 22 26 à
2206 483 52 28 dix
2273 478 120 40 hèures,
2417 490 41 20 en
2477 482 121 41 l'église
2618 481 224 30 Saint-Honoré
2865 484 91 35 d'Ey-

2080 517 61 29 lau.
2157 517 44 28 De
2214 517 34 29 la
2258 517 67 37 part
2342 517 34 37 de
2382 525 59 20 son
2454 525 81 20 man
2546 519 34 26 et
2590 518 39 27 de
2641 525 38 21 sa
2690 517 64 29 fille
2768 518 188 36 Geneviève,

2080 552 37 28 de
2137 552 42 28 M.
2201 554 31 26 et
2252 553 82 28 Mme
2357 552 116 34 Kiefer,
2497 553 51 27 ses
2568 560 86 21 sœur
2674 554 32 27 et
2718 552 188 36 beau-frère,
2920 554 37 29 de

2081 588 83 27 Mme
2178 588 98 27 Henri
2286 587 140 37 Maquin,
2438 595 38 20 sa
2489 586 188 42 belle-sœur.

2196 676 659 74 AERONAUTIQUE..

2085 798 127 33 L'avion
2238 802 36 32 et
2294 800 50 32 les
2364 802 151 33 moteurs
2534 800 69 32 Fiat

2444 857 41 22 au
2508 848 105 32 Salon
2629 848 43 31 de
2693 845 264 43 l'aéronautique

2122 906 57 28 Les
2206 907 244 29 établissements
2476 907 78 30 Fiat,
2582 908 37 27 de
2645 907 107 30 Turin,
2778 907 75 28 dont
2878 904 79 31 nous

2082 947 94 22 avons
2197 940 68 36 déjà
2288 942 115 34 signalé
2425 942 29 27 la
2478 942 221 35 participation
2722 941 17 28 à
2762 941 196 35 l'exposition

2084 975 36 28 de
2142 976 30 27 la
2190 975 184 30 locomotion
2386 975 162 35 "aérienne,
2572 977 62 32 ont,
2658 984 42 20 au
2722 976 102 28 Grand
2846 977 111 28 Palais,

2082 1008 81 29 deux
2181 1012 186 32 expositions
2386 1012 55 34 qui
2461 1019 38 20 ne
2520 1012 28 27 le
2568 1010 108 29 cèdent
2694 1019 41 20 en
2753 1010 68 29 rien
2840 1010 117 29 comme

2086 1043 111 29 intérêt
2214 1045 18 28 à
2246 1046 91 28 pelles
2350 1053 62 27 que
2430 1053 78 21 nous
2527 1053 94 20 avons
2637 1052 77 21 vues
2731 1044 62 29 lors
2809 1045 42 28 du
2866 1045 93 28 Salcm

2084 1078 36 29 de
2144 1072 204 40 l'autopobile
2370 1088 38 20 en
2430 1080 123 29 octobre
2575 1080 132 29 dernier.

2122 1114 46 28 On
2192 1114 122 41 connaît
2330 1115 39 28 'la
2392 1115 86 34 place
2506 1115 189 34 importante
2720 1115 85 34 prise
2830 1122 58 27 par
2914 1115 45 27 les

2085 1148 242 32 élablissfeinents
2354 1149 71 28 Fiat
2448 1149 75 28 dans
2550 1150 30 26 la
2606 1148 204 29 fabrication
2829 1148 130 29 automo-

2084 1181 63 31 bile
2169 1181 77 43 paf
2265 1184 130 29 milliers
2410 1184 137 27 camions
2567 1184 30 31 et
2614 1183 138 29 voitures
2770 1183 121 29 sortent
2906 1183 55 29 des

2084 1217 105 30 usines
2205 1218 34 32 da
2255 1219 99 29 Turin
2370 1218 76 29 et-la
2461 1217 184 35 production
2662 1217 134 35 spéciale
2814 1218 18 28 à
2849 1217 111 31 l'aéro-

2084 1246 154 40 nàut-iquëi
2253 1253 76 28 n'est
2348 1259 55 28 pas
2424 1252 148 28 moindre.
2824 1254 141 34 -̃>

2122 1286 59 28 Les
2211 1285 241 34 établissements
2480 1286 69 30 Fiat
2574 1288 54 28 ont
2657 1285 79 30 deux
2777 1286 105 29 stands
2903 1283 58 32 au

2085 1320 104 28 Grand
2213 1321 120 38 palais,
2351 1321 137 38 lesquels
2506 1321 103 38 furent
2629 1321 132 28 honorés
2786 1321 70 28 tous
2881 1320 80 29 deux

2085 1355 43 28 de.
2143 1355 29 28 la
2186 1355 89 33 visite
2292 1355 42 28 du
2353 1354 156 36 président
2526 1356 37 27 de
2581 1356 28 27 la
2628 1355 200 35 République,

2125 1390 55 28 Ces
2198 1389 185 36 expositions
2402 1390 63 28 très
2484 1390 167 36 complètes
2669 1390 252 34 comprennent':

2122 1433 49 28 Un
2188 1426 160 40 aéroplane
2366 1435 33 26 B.
2418 1435 30 26 R.
2468 1434 32 27 F.

2126 1468 47 27 Un
2194 1468 118 31 Moteur
2332 1467 165 28 d'aviation
2520 1470 25 25 A
2566 1468 34 26 12
2622 1468 56 31 bis,
2698 1468 55 28 300
2774 1467 148 29 chevaux.

2125 1503 47 27 Un
2194 1503 118 27 rtoteur
2332 1502 165 28 d'aviation
2518 1504 25 26 A
2564 1503 40 31 14,
2626 1503 50 26 700
2696 1502 150 29 chevaux.

2125 1537 47 28 Un
2190 1533 119 32 nioteur
2326 1536 165 28 d'aviation
2508 1538 24 26 A
2549 1537 40 33 15,
2610 1537 50 27 400
2678 1536 150 29 chevaux.

2125 1570 47 28 Un
2192 1566 117 43 njoteur
2329 1570 164 29 d'aviation
2510 1572 23 27 A
2553 1571 41 32 18,
2612 1571 50 26 300
2678 1569 151 31 chevaux.

2125 1616 171 39 L'appareil
2321 1617 256 35 transatlantique
2602 1617 70 28 Fiat
2694 1620 34 28 B.
2750 1618 35 34 R.
2803 1618 52 34 F.,
2877 1626 18 20 a
2913 1617 49 29 été

2089 1653 111 34 étudié
2219 1653 221 34 Expressément
2459 1653 74 34 pour
2549 1653 44 27 les
2612 1652 84 28 raids
2714 1653 18 26 à
2749 1651 128 35 longues
2894 1653 67 27 dis-

2089 1688 101 27 tances
2215 1688 107 29 comme
2344 1688 43 29 la
2406 1687 157 28 traversée
2581 1687 35 27 de
2638 1687 113 28 l'océan
2774 1687 187 34 Atlantique.

2089 1723 24 26 Il
2133 1723 150 33 présente,
2308 1722 37 34 au
2364 1722 92 34 point
2477 1721 36 28 do
2534 1728 61 21 vue
2617 1721 269 35 aérodynamique,
2908 1721 53 35 des

2086 1750 311 47 perfectionnements
2413 1756 53 35 qui
2484 1756 45 27 lui
2546 1756 142 29 assurent
2705 1754 52 29 des
2774 1755 134 35 qualités
2922 1754 40 29 de

2088 1791 55 32 vol.
2165 1792 236 35 remarquables.

2125 1825 54 28 Ses
2190 1821 280 38 fearactéristiques
2495 1824 187 33 principales
2708 1824 69 28 sont
2813 1825 44 27 les
2895 1825 67 27 sui-

2086 1857 110 41 vantes]
2250 1860 103 35 poids.
2360 1859 17 32 à
2394 1859 84 32 vide,
2501 1860 83 31 2,350
2608 1859 92 30 kilos:
2723 1865 178 25 envergure,
2928 1860 33 27 16

2088 1894 123 36 metref;
2238 1897 156 33 longueur,
2418 1895 35 26 10
2477 1894 127 34 mètres;
2629 1894 142 33 hauteur,
2794 1895 19 26 3
2840 1895 122 28 mètres.

2122 1929 45 27 Le
2182 1930 136 33 Iplafond
2346 1928 172 35 théorique
2538 1928 39 35 de
2602 1928 168 35 l'appareil,
2800 1935 73 21 avec
2901 1936 60 20 une

2088 1964 107 35 chargé
2220 1964 77 29 utile
2318 1963 36 32 de
2372 1963 90 32 2,5Û0
2486 1963 88 32 kilos,
2597 1964 47 27 est
2666 1964 38 28 de
2728 1964 82 31 3,750
2833 1963 127 32 mètres;

2088 2005 33 21 sa
2137 1999 113 31 vitesse
2266 1999 169 27 maximum
2453 1997 18 28 à
2489 1996 83 29 terre
2592 1996 44 30 est
2653 1997 39 29 de
2709 1998 55 28 252
2782 1997 179 29 kilomètres

2088 2034 17 27 à
2125 2033 117 34 l'hfure
2265 2035 32 26 et
2317 2033 38 29 de
2374 2033 56 29 24C
2453 2030 179 30 kilomètres
2657 2033 18 27 à
2697 2033 116 27 l'heure
2836 2032 18 28 à
2877 2033 83 30 3,000

2086 2067 111 30 métras
2216 2068 240 29 d'altitude

2122 2102 52 33 De;
2192 2102 52 33 par
2258 2110 49 20 ses
2325 2102 269 34 caractéristiques
2614 2103 151 33 statiques
2784 2102 49 34 et.
2850 2102 113 34 aérody-

2089 2143 34 20 nc
2138 2137 118 35 niques,
2282 2137 28 28 le
2334 2137 68 27 Fiat
2424 2138 34 27 A.
2482 2138 32 26 R.
2538 2137 33 28 F.
2593 2138 50 27 est
2666 2137 125 35 indiqué
2813 2143 81 28 pour
2918 2138 44 27 les

2090 2172 127 35 empjbis
2244 2172 102 29 divers
2369 2173 35 26 de
2434 2172 155 28 l'aviation
2618 2173 91 30 civile
2738 2181 39 19 ou
2805 2173 156 32 militaire,

2087 2205 84 32 ainsi
2185 2214 58 27 que
2260 2214 79 27 pour
2357 2206 44 27 les
2421 2206 107 33 grands
2546 2206 90 33 raids
2653 2214 73 20 sans
2745 2206 120 28 escales.

2129 2238 49 31 Ci
2202 2242 91 27 avion
2316 2241 72 34 peut
2413 2240 66 28 être
2504 2241 106 27 utilisé
2634 2241 177 28 facilement
2832 2248 81 27 pour
2937 2242 27 28 le

2084 2270 145 38 transport
2280 2270 33 38 du
2332 2275 138 28 courrier
2494 2275 18 27 à
2534 2277 36 26 de
2594 2274 130 35 grandes
2748 2275 158 32 distances,
2935 2276 22 27 et

2086 2304 76 34 avec
2179 2310 44 28 les
2240 2309 223 29 modifications
2481 2309 190 29 nécessaires
2691 2310 22 27 il
2733 2310 139 35 pourrait
2892 2310 71 34 éga-

2088 2340 112 32 lement
2216 2344 100 28 servir
2334 2352 39 21 au
2391 2344 157 34 transport
2561 2344 55 28 des
2634 2351 168 28 passagers,
2818 2352 38 20 en
2873 2351 90 21 nom-

2086 2378 52 29 bre
2156 2378 155 29 inférieur
2328 2379 17 27 à
2358 2378 67 34 six,
2442 2378 34 34 en
2493 2378 67 34 plus
2578 2378 51 28 des
2646 2379 81 28 deux
2744 2378 119 35 pilotes.
2882 2379 85 28 Dans

2086 2411 55 30 les
2160 2411 73 30 deux
2252 2412 65 35 cas,
2334 2412 161 35 l'appareil
2514 2420 32 20 se
2565 2413 215 30 recommande
2802 2412 72 36 tout
2892 2412 72 36 spé-

2088 2448 162 28 cialement
2270 2455 80 28 pour
2370 2455 34 20 sa
2424 2447 115 28 vitesse
2561 2446 111 30 élevée.-

2129 2489 77 22 Avec
2232 2483 54 28 des
2312 2482 230 29 modifications
2570 2482 216 30 relativement
2810 2483 152 32 minimes,

2088 2517 29 27 le
2143 2516 58 28 Fiat
2217 2518 33 27 A.
2268 2518 33 27 R.
2318 2518 33 27 F.
2366 2517 77 33 peut
2458 2516 64 28 être
2540 2516 189 28 transformé
2746 2523 37 22 en
2801 2516 163 34 aéroplane

2088 2550 306 40 depombardement
2410 2551 126 33 portant
2553 2557 62 22 une
2632 2550 170 35 e-hargede
2818 2552 77 31 1,650
2913 2551 65 31 ki-

2088 2586 216 33 logrammes.•

2305 2616 4 32 Pour
2310 2616 5 32 cette
2336 2614 142 34 dernière
2500 2619 267 35 transformation,
2789 2619 28 28 il
2840 2620 54 31 est
2912 2620 71 31 né-1

2088 2655 133 38 oepsaire
2236 2653 36 30 do
2290 2653 124 30 réduire
2432 2653 36 30 la
2478 2653 141 40 capacité
2636 2652 57 30 des
2710 2651 172 30 réservoirs
2899 2652 21 30 à
2941 2652 42 30 la

2090 2690 144 33 normale,
2262 2689 63 28 afin
2349 2688 40 28 de
2413 2694 135 29 pouvoir
2577 2688 83 34 loger
2686 2688 29 28 le
2742 2687 143 29 matériel
2911 2695 55 21 ex-

2086 2724 107 39 plosif.

2117 2754 134 33 [D'autre
2274 2759 79 33 part,
2382 2758 42 27 les
2450 2757 247 29 établissements
2724 2757 71 29 Fiat
2820 2758 147 33 exposent

2090 2788 108 40 quatre
2221 2793 145 34 moteurs.
2975 2808 7 8 ̃̃

2108 2823 10 35 j
2126 2827 25 27 Il
2165 2828 51 28 'est
2230 2827 136 34 superflu
2378 2826 41 28 de
2434 2826 110 28 vanter
2560 2826 44 28 les
2618 2826 134 35 qualités
2770 2826 42 28 du
2826 2827 52 27 300
2892 2827 74 28 che-

2090 2869 80 22 vaux
2194 2861 53 35 qui
2272 2869 18 20 a
2314 2861 47 28 été
2385 2860 102 29 monté
2513 2867 52 21 sur
2590 2860 58 29 des
2670 2861 138 28 milliers
2821 2861 145 29 d'avions,

2089 2895 132 35 lesquels
2240 2896 56 27 ont
2317 2894 45 29 été
2384 2901 42 21 un
2446 2894 53 29 des
2518 2894 173 36 principaux
2709 2894 155 36 "facteurs
2882 2894 36 29 de
2938 2895 29 28 la

2090 2930 188 35 suprématie
2302 2930 145 29 aérienne
2466 2930 56 28 des
2546 2928 119 29 armées
2693 2929 115 29 alliées.

2126 2964 58 29 Les
2204 2964 135 29 moteurs
2354 2966 26 27 A
2396 2964 33 28 14
2444 2964 63 32 (700
2522 2964 36 27 H.
2574 2964 44 33 P.)
2638 2964 33 28 et
2686 2964 27 27 A
2729 2964 32 27 15
2778 2964 64 32 (400
2858 2964 34 27 H.
2910 2963 55 34 P.),

2090 2997 127 38 dont'ie
2236 2997 127 38 premier
2385 3000 84 27 avait
2488 3000 48 27 été
2556 2998 103 28 étudié
2681 3005 77 27 pour
2778 3000 30 28 le
2822 2999 70 28 raid
2910 3003 56 23 au-

2088 3033 108 29 dessus
2211 3033 38 29 de
2267 3033 206 34 l'Atlantique,
2492 3033 70 27 sont
2578 3032 44 28 les
2637 3033 90 34 types
2744 3031 52 36 qui
2813 3031 155 29 serviront

2089 3068 18 28 à
2129 3069 32 27 la
2184 3068 181 36 propulsion
2390 3067 53 29 des
2468 3066 111 35 grands
2604 3067 109 28 avions
2734 3067 38 28 de
2792 3066 175 35 transports

2088 3102 60 29 tels
2169 3110 61 28 que
2252 3107 176 23 commence
2449 3102 19 27 à
2490 3102 44 27 les
2556 3101 175 28 construire
2752 3101 31 28 la
2804 3101 163 34 technique

2089 3137 145 28 aérienne
2257 3137 143 28 actuelle.

2128 3172 102 31 Quant
2250 3179 41 20 au
2313 3170 70 29 Fiat
2405 3172 27 27 A
2454 3171 33 27 18
2510 3170 84 36 (type
2614 3170 53 28 300
2688 3170 34 30 H.
2745 3170 55 33 P.),
2824 3170 23 27 il
2868 3168 17 33 a
2902 3168 82 33 fait,

2090 3205 157 30 sensation
2270 3206 19 27 à
2313 3203 202 37 l'exposition.
2541 3204 77 28 C^est
2641 3204 28 28 le
2694 3204 71 35 type
2788 3210 57 28 par
2866 3202 103 31 excel-

2089 3241 86 27 lence
2193 3240 39 28 de
2250 3240 157 28 l'aviation
2422 3238 217 29 commerciale
2657 3237 37 29 de
2712 3237 189 36 transports.
2919 3237 52 36 Ses

2092 3275 154 34 cylindres
2270 3274 72 28 sont
2364 3272 139 35 disposés
2528 3280 36 20 en
2586 3272 100 32 étoile,
2713 3279 33 22 ce
2772 3273 53 34 qui
2848 3272 122 35 permet

2090 3309 38 28 de
2153 3309 141 28 réserver
2320 3314 61 21 une
2402 3308 88 34 place
2513 3308 73 33 plus
2612 3306 186 35 importante
2822 3314 79 27 pour
2925 3307 44 28 les

2093 3350 162 34 passagers
2278 3344 34 27 et
2337 3343 43 29 les
2405 3341 240 33 marchandises,
2674 3341 30 28 la
2737 3341 160 34 carlingue
2931 3341 38 28 de

2094 3378 112 28 avion
2224 3377 117 36 n'étant
2358 3377 67 36 plus
2442 3376 180 28 encombrée
2640 3383 56 27 par
2716 3378 26 26 le
2758 3375 134 29 moteur.

2130 3413 85 31 T&He
2234 3412 49 28 est
2303 3418 38 22 en
2360 3410 158 29 raccourci
2538 3411 32 26 la
2588 3409 189 35 description
2798 3410 37 28 de
2856 3410 30 27 la
2904 3410 65 28 très

2090 3446 216 34 remarquable
2321 3445 173 36 exposition
2505 3443 39 30 de
2558 3444 73 30 Fiat
2641 3444 38 30 au
2698 3444 94 30 Salon
2802 3444 41 29 de
2858 3443 109 31 l'aéro-

2092 3481 253 35 nautique.

2290 3547 144 32 Vickers
2458 3555 43 23 au
2518 3544 248 35 6rand-PafaJs

2130 3599 77 30 L'un
2230 3600 52 29 des
2306 3589 105 39 stands
2434 3600 53 34 qui
2509 3599 144 28 auraient
2676 3598 48 29 été
2746 3598 29 28 le
2796 3599 71 35 plus
2886 3600 83 28 inté-

2090 3636 138 28 ressants
2254 3643 19 20 a
2298 3635 49 30 été
2362 3634 137 34 .dégarni
2524 3634 311 32 malheureusement
2853 3641 56 28 par
2933 3642 45 20 un

2093 3668 146 35 accident,
2262 3669 101 36 lequel
2388 3676 17 20 a
2429 3668 145 35 empêché
2598 3668 141 28 l'arrivée
2762 3668 40 28 du
2828 3668 141 29 Vickers-

2094 3704 110 34 Viking
2222 3704 105 32 (avion
2344 3703 183 35 amphibie).
2601 3704 38 27 Ce
2657 3703 90 29 stand
2766 3704 47 27 est
2828 3704 83 28 celui
2932 3704 37 29 de

2090 3738 31 29 la
2138 3739 116 34 grande
2272 3739 89 28 firme
2376 3737 137 35 anglaise
2530 3736 139 30 Vickers,
2687 3737 43 28 Le
2748 3738 96 34 grand
2864 3736 105 36 public

2090 3774 171 27 la'connaît
2278 3772 36 28 de
2330 3772 72 29 bien
2418 3772 54 29 des
2488 3772 161 28 manières.
2668 3768 58 32 Ses.
2737 3771 232 36 mitrailleuses,

2090 3813 50 22 ses
2157 3808 125 30 navires
2300 3807 41 30 de
2357 3813 121 28 guerre,
2498 3807 54 27 ont
2570 3813 155 22 concouru
2745 3807 18 27 à
2782 3806 30 28 la
2826 3805 141 34 victoire.

2131 3843 78 27 Mais
2234 3849 39 21 en
2301 3841 130 29 matière
2458 3841 184 34 d'aviation,
2664 3841 75 27 c'est
2774 3841 126 28 surtout
2936 3841 32 28 la

2090 3876 129 29 Vickers
2234 3876 57 35 qui
2306 3884 22 21 a
2345 3876 149 34 accompli
2510 3875 53 28 les
2581 3875 71 28 deux
2666 3871 73 38 plus
2758 3871 109 38 grands
2882 3875 93 29 raids'

2090 3912 39 26 de
2154 3912 114 28 distance
2283 3912 72 28 ef»:,
2370 3908 288 36 d'en;durisnçe-qus
2674 3916 63 22 'nos
2762 3911 204 32 hom.mes-o.i-

2083 3944 103 27 -seaux
2204 3944 86 27 aient
2304 3943 128 30 réalisés
2448 3943 185 34 jusqu'ici;
2648 3943 57 34 noqs
2720 3942 129 31 voulons
2864 3943 114 35 parier,

2090 3977 38 28 de
2146 3978 29 27 la
2196 3977 160 29 traversée
2374 3977 36 29 de
2429 3977 206 34 l'Atlantique
2653 3977 69 34 avec
2738 3976 124 35 Alcoek;
2881 3977 87 29 de'la

2093 4012 217 40 performance
2336 4024 15 15 «
2373 4010 314 30 Londres-Australie
2710 4022 17 16 »
2753 4019 57 27 par
2832 4011 28 29 le
2881 4012 86 34 capi-

2092 4040 84 34 taine
2194 4046 74 28 Ross
2288 4047 110 27 Smith.

2132 4081 54 29 Ces
2206 4080 85 29 raids
2313 4081 230 34 remarquables
2562 4082 58 30 .ont
2637 4081 51 28 été
2708 4081 130 31 réalisés
2857 4089 54 22 sur
2932 4082 36 30 de

2090 4115 126 34 simples
2262 4116 158 33 appareils
2464 4115 99 32 Vimy-
2583 4115 138 32 Vickers
2741 4115 236 32 commerciaux:

2090 4156 61 21 non
2165 4148 157 37 préparés,
2342 4150 46 30 les
2402 4151 106 34 mêmes
2530 4151 64 34 que
2608 4150 164 34 n'importe
2786 4150 72 35 quel
2873 4148 97 37 pilote

2091 4184 76 34 peut
2193 4184 150 34 prendre
2352 4183 98 36 pour
2464 4184 146 31 effectuer
2638 4192 74 21 une
2728 4184 157 29 traversée
2912 4191 58 22 au-

2092 4218 108 28 dessus
2216 4217 55 30 des
2289 4219 99 27 terres
2407 4225 40 21 ou
2464 4215 52 35 des
2534 4226 91 25 mers.

2117 4253 59 29 .On
2200 4260 32 21 se
2256 4252 144 30 souvient
2424 4261 59 26 que
2518 4253 28 28 le
2569 4252 165 36 président
2753 4252 37 36 de
2812 4254 29 27 la
2866 4250 101 38 Répu-

2090 4287 114 35 blique,
2226 4290 20 27 à
2268 4286 242 36 'l'inauguration
2534 4288 42 29 du
2601 4288 99 33 Salon,
2722 4297 20 20 a
2766 4288 72 29 bien
2862 4289 105 32 voulu,

2092 4322 61 28 lors
2198 4322 40 30 de
2284 4329 33 21 sa
2363 4321 93 29 visite
2481 4330 43 21 au
2549 4323 88 28 stand
2662 4321 136 33 Vickers,
2828 4323 141 28 recevoir

2089 4356 31 28 la
2147 4356 228 35 photographie
2402 4357 31 28 et
2461 4355 44 29 les
2533 4356 206 35 autographes
2762 4356 42 30 du
2832 4356 136 35 regretté

2086 4391 99 33 pilote
2205 4390 94 29 Alcoek.

2129 4424 43 29 La
2193 4424 121 29 maison
2332 4425 129 30 Vickers
2480 4433 22 21 a
2522 4425 127 36 acquis,
2668 4425 73 36 nous
2761 4425 113 29 l'avons
2897 4426 71 34 déjà

2090 4460 143 33 annoncé,
2278 4462 26 27 le
2342 4461 161 34 monopole
2524 4462 38 29 de
2583 4460 221 35 l'exploitation
2821 4461 146 29 aérienne

2092 4493 74 28 dans
2190 4494 30 27 la
2242 4493 193 40 République
2458 4494 153 34 chinoise;
2634 4493 77 30 c'est
2733 4494 18 29 à
2773 4495 80 28 cette
2877 4495 91 34 puis-

2091 4529 86 27 sainte
2193 4528 119 28 maison
2329 4528 73 35 qu'il
2418 4528 220 35 appartiendra
2650 4529 81 30 donc
2746 4529 36 27 de
2798 4529 79 28 faire
2892 4536 74 21 con-

2090 4563 101 27 naître
2212 4570 40 21 au
2269 4563 118 32 monde,
2405 4571 57 20 sur
2482 4571 43 20 un
2542 4563 96 35 champ
2658 4563 229 35 d'expérience
2906 4564 61 27 im-

2091 4604 112 27 mense,
2230 4596 49 36 les
2296 4596 196 36 possibilités
2514 4598 33 27 et
2572 4597 130 29 l'avenir
2728 4595 37 31 de
2793 4598 95 33 lignes
2913 4598 54 28 aé-

2089 4631 126 28 rienfi€S
2237 4631 142 35 joignant
2403 4632 43 27 les
2470 4632 124 33 régions
2617 4633 45 27 les
2685 4632 71 34 plus
2781 4630 186 37 populeuses

2089 4673 62 20 aux
2174 4666 146 28 étendues
2366 4667 58 34 les
2444 4667 78 34 plus
2562 4666 168 32 dévastées,
2754 4666 145 30 utilisant
2920 4668 46 27 des

2089 4699 126 36 fleuves,
2242 4701 44 27 les
2310 4707 94 26 mers,
2430 4701 29 28 le
2475 4700 193 31 continent/

2130 4734 42 35 On
2193 4734 83 35 peut
2292 4735 65 28 être
2382 4735 56 28 sûr
2462 4743 58 27 que
2541 4737 34 29 ce
2592 4737 119 29 travail
2733 4735 234 36 d'avant-garde

2086 4767 75 34 aéra
2180 4767 38 34 en
2237 4767 112 34 bonnes
2360 4769 103 29 mains
2482 4777 37 21 en
2534 4769 95 30 celles
2645 4769 48 30 de-
2698 4769 137 30 Vicbem

2226 4841 234 32 Promenades
2478 4842 184 39 princières
2678 4850 42 23 en
2734 4842 94 32 avion

2126 4894 123 34 Samedi
2270 4896 132 34 dernier,
2428 4896 28 27 le
2478 4896 107 34 prince
2606 4896 96 28 Erick
2722 4896 37 28 de
2782 4895 185 32 Danemark,

2086 4930 203 34 accompagné
2314 4930 43 28 du
2382 4930 158 34 capitaine
2565 4929 38 36 de
2622 4929 131 36 frégate
2774 4930 121 35 U'ilidtz,
2924 4929 42 29 du

2087 4964 174 29 lieutenant
2277 4964 182 30 d'artiiîlerie
2478 4965 178 29 Fûrstlœw.e
2676 4966 31 28 et
2724 4964 88 29 d'une
2826 4965 85 28 suite
2930 4964 38 29 de

2085 4998 55 28 dix
2154 5006 169 27 personnes
2341 5000 117 28 faisant
2474 5000 101 34 partie
2592 4999 39 29 de
2649 5000 29 30 la
2694 5000 130 33 mission
2838 5000 129 27 danoise

2085 5033 175 34 d'aviation,
2278 5035 72 28 s'est
2365 5032 99 31 rendu
2482 5035 17 27 à
2514 5032 200 30 l'aéroS-rome
2732 5034 233 28 Morane-Saul-

2089 5069 77 34 nier,
2189 5071 38 27 de
2250 5069 220 35 Villacoublay,
2494 5078 78 27 pour
2594 5077 123 26 essayer
2762 5070 44 32 les
2845 5069 121 31 avions-

2086 5103 104 29 écoles
2208 5103 35 29 de
2262 5104 81 28 cette
2361 5111 140 35 marque.

2124 5138 133 28 Fronval
2278 5146 20 21 a
2320 5136 125 33 exécute
2466 5139 113 30 devant
2598 5140 29 27 le
2644 5139 121 35 p-rinee.
2778 5139 31 28 et
2826 5146 36 22 sa
2882 5138 83 29 suite

2082 5173 34 27 ,la
2134 5173 80 28 série
2230 5171 41 31 de
2290 5180 50 21 ses
2357 5173 204 36 magnifiques
2582 5169 246 35 sur
2846 5180 44 21 un
2909 5180 57 28 ap-

2089 5208 98 34 pareil
2210 5219 15 14 «
2247 5209 125 30 Parasol
2394 5219 27 23 »,
2442 5211 73 37 type
2534 5209 93 32 haute
2646 5209 92 29 école.
2926 5180 44 46 ̃

2122 5241 44 30 Le
2181 5241 108 35 prince
2306 5243 101 33 Erick,
2426 5250 56 28 qui
2498 5242 116 29 n'avait
2629 5242 113 35 jamais
2758 5242 78 34 vo-lé,
2854 5249 20 20 a
2892 5243 81 28 tenu;

2083 5276 20 27 à
2124 5275 88 29 faife
2230 5275 70 29 avec
2320 5277 136 28 Fronvail
2490 5278 38 27 un
2547 5278 57 27 vol
2624 5284 66 22 sur
2701 5276 119 35 biplace
2842 5271 133 35 d'écoile.

2084 5310 133 29 Pronval
2234 5311 35 29 fit
2286 5312 81 28 faire
2382 5310 19 30 à
2414 5318 58 22 «osi
2489 5318 147 29 passager
2650 5311 159 35 plusieurs
2824 5311 141 34 loopings

2084 5467 53 30 pas
2155 5467 36 30 :̃
2212 5462 35 29 et
2266 5469 38 22 ce
2330 5461 112 30 n'était
2466 5461 124 39 qu'une
2614 5461 112 30 entrée
2753 5461 39 31 en
2812 5461 156 31 matière.

2082 5499 29 31 A
2133 5498 134 32 l'ombre
2286 5500 59 29 des
2362 5499 120 38 jeunes
2501 5500 94 38 filles
2610 5507 44 22 en
2672 5500 108 37 fleurs
2798 5501 170 37 comporte

2085 5538 115 37 quatre
2222 5539 77 30 cent
2321 5538 178 39 cinquante
2522 5542 103 34 pages
2648 5539 79 29 d'un
2749 5539 84 36 texte
2856 5538 112 39 prodi-

2085 5575 208 38 gieusement
2314 5574 180 41 compacte,
2515 5583 40 25 en
2577 5578 68 29 tout
2664 5577 100 38 petits
2785 5578 183 30 caractères

2084 5615 307 39 (quarante-quatre
2413 5616 109 38 lignes
2546 5615 20 31 à
2586 5615 37 45 là
2642 5615 110 45 page),
2774 5616 30 30 et
2824 5624 144 31 presque

2084 5654 78 30 d'un
2189 5655 71 30 seul
2289 5655 122 36 tenant,
2440 5663 80 22 sans
2548 5654 142 35 division
2718 5663 43 22 en
2790 5655 176 38 chapitres,

2086 5693 19 30 à
2118 5702 63 29 peu
2194 5694 78 37 près
2287 5701 79 23 sans
2381 5693 138 31 alinéas.
2537 5693 97 39 C'est,
2651 5693 49 39 un-
2717 5693 49 39 peu
2776 5693 188 38 inhumain,

2082 5732 32 29 et
2133 5731 244 40 décourageant
2394 5740 85 30 pour
2497 5732 49 31 les
2565 5740 86 29 yeux
2670 5733 58 38 qui
2746 5732 134 31 veulent
2898 5733 67 30 être

2082 5768 159 41 ménagés
2282 5779 43 22 ou
2364 5771 216 38 simplement
2616 5780 84 29 pour
2740 5772 58 38 qui
2822 5771 63 31 n'a"
2902 5781 63 29 pas

2081 5808 173 40 beaucoup
2282 5810 46 29 de:
2349 5810 120 29 loisirs.
2497 5810 43 29 Le
2566 5810 108 39 temps
2702 5811 51 29 est
2780 5811 98 37 passé
2906 5812 58 29 des

2082 5848 253 30 interminables
2354 5855 138 24 romans
2510 5857 129 22 comme
2658 5857 84 23 ceux
2762 5850 56 30 des
2838 5850 127 36 d'Urfé,

2086 5886 55 31 des
2157 5887 46 30 La
2220 5886 211 39 Calprenède,
2468 5888 58 29 des
2562 5887 137 31 Scudéri
2736 5896 42 22 ou
2812 5889 58 30 des
2906 5888 57 29 Ri-

2085 5925 173 31 chardson.
2288 5926 43 30 M.
2353 5927 144 29 Romain
2521 5927 139 29 Rolland
2686 5935 40 22 en
2758 5934 18 22 a
2799 5926 108 31 relevé
2929 5927 37 29 la

2078 5957 168 44 iradition,
2274 5965 85 30 mais
2385 5965 23 30 il
2436 5965 88 31 avait
2548 5966 70 37 pris
2645 5965 33 31 la
2702 5965 195 38 précaution
2924 5966 46 34 df'.

2085 6003 102 30 servir
2209 6011 60 22 son
2292 6004 298 37 Jean-Christophe
2632 6012 60 31 par
2733 6005 116 38 petites
2870 6005 91 29 tran-

2082 6041 76 31 ches
2184 6042 77 37 plus
2285 6042 195 32 facilement
2505 6043 186 38 digestives.
2716 6043 29 30 A
2768 6045 93 29 notre
2888 6044 75 38 épo-

2082 6088 62 30 que
2170 6082 39 29 de
2236 6089 82 30 gens
2345 6082 142 37 pressés,
2514 6082 156 31 absorbés
2694 6089 64 31 par
2780 6083 91 29 leurs
2898 6084 64 29 tra-

2081 6126 96 30 vaux,
2194 6127 44 22 ou
2256 6128 62 29 par
2334 6119 144 31 d'autres
2496 6120 145 38 plaisirs,
2660 6120 32 30 la
2708 6121 145 31 brièveté
2872 6121 90 31 s'im-

2081 6165 78 30 pose
2177 6166 63 30 par
2258 6158 211 31 élémentaire
2488 6160 168 37 prudence
2674 6160 27 30 si
2718 6160 73 31 l'on
2810 6160 73 31 veut
2896 6160 66 31 être

2081 6197 43 30 lu.
2166 6197 177 38 Beaucoup
2386 6198 40 30 de
2470 6205 156 23 censeurs
2670 6197 39 31 de
2752 6198 42 31 M.
2838 6198 123 31 Marcel

2072 6234 127 32 ,Proust
2225 6245 20 28 y
2272 6237 56 29 ont
2352 6236 213 30 visiblecuanV
2590 6237 154 38 rejioncé,
2770 6238 30 30 et
2825 6244 36 23 se
2889 6241 73 27 sont

2080 6274 123 38 vengés
2226 6274 40 30 de
2292 6275 125 31 n'avoir
2438 6284 46 29 pu
2509 6276 29 29 le
2561 6276 111 30 suivre
2694 6274 158 40 jusqu'au
2874 6276 86 31 bout.

2073 6309 32 34 'Il
2128 6314 49 30 est
2198 6312 136 39 pénible
2357 6313 19 29 à
2397 6314 71 36 lire,
2490 6322 42 22 en
2556 6316 100 35 outre,
2678 6322 67 23 non
2770 6315 60 36 pas
2854 6314 106 31 seule-

2080 6352 92 30 ment
2193 6353 19 29 à
2233 6352 100 30 cause
2353 6352 40 30 de
2414 6360 64 22 son
2498 6352 194 31 abondance
2710 6353 144 36 insolite,
2873 6355 88 32 mais

2080 6391 39 29 de
2137 6398 61 23 son
2217 6391 84 36 style
2318 6392 140 29 souvent
2476 6390 157 39 précieux
2650 6393 33 28 et
2700 6391 260 32 embroussaillé.

2081 6430 41 30 Ce
2144 6429 82 31 n'est
2248 6436 61 31 pas
2330 6430 188 30 seulement
2538 6430 134 31 l'oeuvre
2694 6431 188 30 elle-même
2902 6433 58 36 qui

2084 6469 50 29 est
2162 6467 135 39 longue,
2328 6469 79 29 c'est
2437 6469 92 29 aussi
2560 6467 71 40 trop
2662 6469 140 30 souvent
2830 6470 129 38 chaque

2078 6507 123 37 phrase
2222 6507 90 38 prise
2334 6507 20 30 à
2376 6508 81 36 part,
2480 6507 58 39 qui
2558 6507 185 38 s'amplifie,
2766 6509 40 37 se
2826 6509 138 37 compli-

2081 6554 72 29 que,
2182 6545 231 37 s'enchevêtre,
2442 6554 34 22 se
2506 6546 102 38 replie
2638 6553 41 23 en
2708 6547 124 31 volutes
2862 6548 29 29 et
2920 6556 41 21 en

2080 6584 104 38 queue
2205 6584 42 38 de
2266 6584 143 38 serpent.
2430 6585 66 30 J'ai
2517 6584 76 40 déjà
2614 6584 63 37 été
2698 6584 105 37 amené
2824 6584 21 37 à
2862 6593 103 31 poser;

2077 6623 46 32 M.
2152 6622 122 35 Marcel
2302 6624 118 30 Proust
2446 6632 42 21 en
2514 6624 84 30 rival
2626 6623 37 30 de
2692 6623 104 37 Patin,
2824 6624 79 31 dont
2929 6625 34 29 la

2081 6662 122 37 phrase
2218 6663 71 36 rfei
2307 6663 123 36 chapeau
2445 6662 79 30 était
2536 6662 193 38 légendaire,
2744 6663 82 29 dans
2842 6664 49 28 les
2906 6660 55 32 fa-

2080 6699 104 32 cultés
2210 6701 31 29 et
2264 6700 153 38 collèges,
2442 6707 67 24 aux
2530 6702 111 36 temps
2666 6701 42 29 où
2733 6701 65 30 l'on
2822 6702 138 30 étudiait

2079 6739 49 29 les
2152 6739 183 38 Tragiques
2357 6748 95 29 grecs
2474 6740 33 30 et
2528 6740 41 30 où
2594 6739 42 31 M.
2661 6740 143 30 Gustave
2828 6740 131 30 Lanson

2082 6786 41 21 ne
2146 6786 84 22 nous
2253 6779 167 35 menaçait
2441 6776 60 40 pas
2525 6779 96 30 d'une
2642 6780 125 30 licence
2790 6779 36 29 ès
2848 6780 112 29 lettres

2080 6823 79 24 sans
2184 6824 75 30 grec
2284 6818 36 29 ni
2342 6817 94 30 latin.
2461 6818 44 29 M.
2530 6818 127 36 Proust,
2682 6818 57 30 sur
2758 6818 57 30 cet
2836 6818 124 37 article,

2081 6856 55 30 n'a
2148 6864 61 29 pas
2225 6855 127 38 change
2368 6864 52 23 ses
2435 6856 184 31 habitudes.
2633 6857 29 29 A
2680 6857 128 37 chaque
2822 6857 136 36 instant,

2078 6902 43 21 on
2144 6895 81 37 perd
2246 6895 31 30 le
2300 6893 44 38 fil,
2366 6896 32 29 et
2418 6894 66 31 l'on
2506 6895 50 30 est
2577 6895 109 39 obligé
2709 6896 40 29 de
2770 6896 188 38 reprendre,

2081 6939 36 23 ce
2136 6933 58 38 qui
2214 6933 153 38 n'abrège
2388 6942 61 29 pas
2466 6934 204 37 l'opération.

2117 6979 98 31 Enfin
2242 6979 43 32 M.
2313 6981 119 30 Proust
2456 6981 139 38 possède
2624 6988 56 23 sur
2706 6981 58 31 feu
2790 6981 44 31 M.
2860 6982 97 31 Patin

2078 7026 45 22 un
2144 7020 172 37 avantage,
2336 7019 183 30 admirable
2538 7028 45 22 en
2600 7020 57 37 soi,
2678 7021 56 37 qui
2750 7020 127 38 justifie
2896 7028 61 22 son

2077 7057 82 37 prix.
2176 7057 33 37 et
2228 7058 31 29 le
2282 7058 107 30 classe
2414 7059 110 37 parmi
2545 7059 51 29 les
2620 7059 164 30 écrivains
2809 7059 37 37 de
2865 7059 92 37 race,

2076 7095 112 30 tandis
2210 7104 62 30 que
2293 7096 142 32 l'ancien
2457 7097 174 30 secrétaire
2654 7097 168 38 perpétuel
2846 7098 112 31 n'était

2078 7134 101 36 qu'un
2206 7133 143 32 honnête
2376 7135 108 31 érudit
2509 7136 31 29 et
2565 7144 46 22 un
2638 7136 162 30 excellent
2826 7137 128 37 profes-

2078 7180 84 23 seur.
2188 7172 46 32 'Ce
2262 7173 83 30 n'est
2372 7182 60 30 pas
2462 7173 184 32 seulement
2670 7174 36 30 la
2733 7175 223 30 construction

2074 7219 48 21 un
2148 7220 66 28 peu
2240 7211 193 31 démesurée
2457 7213 33 29 et
2514 7213 228 31 embarrassée
2770 7214 55 37 qui
2853 7214 103 30 arrête

2076 7250 31 28 le
2146 7250 126 30 lecteur
2310 7251 85 29 dans
2436 7252 48 29 les
2525 7252 139 37 phrases
2693 7253 39 29 de
2760 7253 43 30 M.
2833 7253 123 30 Marcel

2077 7288 126 36 Proust,
2229 7289 79 29 c'est
2334 7285 90 34 aussi
2449 7290 210 38 l'originalité
2685 7298 146 31 presque,
2853 7291 102 30 conti-

2076 7327 110 30 nuelle
2210 7328 40 31 de
2273 7328 33 29 la
2329 7328 121 37 pensée
2474 7336 43 22 ou
2541 7329 39 29 de
2604 7329 33 29 la
2660 7329 179 37 sensation,
2862 7331 30 28 et
2916 7330 39 30 de

2074 7365 217 38 l'expression
2316 7366 141 30 verbale.
2482 7367 50 30 On
2554 7366 45 31 l'a
2622 7367 155 38 comparé
2801 7368 19 29 à
2845 7368 110 31 Saint-

2074 7403 128 38 Simon,
2226 7412 57 22 car
2306 7405 22 30 il
2352 7414 20 21 a
2396 7406 92 31 aussi
2512 7406 38 30 de
2574 7406 125 30 chauds
2725 7407 229 32 admirateurs.

2078 7442 41 31 Ce
2142 7443 85 30 n'est
2248 7452 62 29 pas
2332 7443 68 30 tout
2424 7444 19 29 à
2468 7444 63 29 fait
2553 7445 78 28 cela.
2666 7444 28 30 Il
2728 7446 55 29 n'a
2817 7453 61 29 pas
2918 7445 36 29 la

2074 7481 211 37 véhémence,
2312 7482 190 37 l'intensité,
2528 7483 33 30 la
2588 7483 98 30 fièvre
2713 7484 30 31 et
2768 7484 31 31 le
2826 7483 58 31 feu
2912 7492 42 22 au

2074 7521 113 29 ventre
2205 7521 41 30 de
2264 7521 141 30 l'auteur
2422 7522 59 29 des
2498 7519 190 37 Mémoires.
2706 7522 28 30 Il
2753 7522 64 30 fait
2835 7530 120 30 songer

2074 7558 19 30 à
2117 7558 58 38 lui,
2201 7559 297 38 épisodiquement,
2522 7567 63 30 par
2606 7566 61 24 son
2693 7562 91 29 souci
2810 7561 145 31 extrême

2073 7597 31 30 et
2120 7604 46 23 un
2182 7605 66 30 peu
2266 7598 144 30 excessif
2428 7599 57 29 des
2504 7599 201 30 hiérarchies
2724 7598 39 31 de
2781 7600 97 36 caste,
2897 7600 57 30 des

2065 7635 207 34 OTéséances
2315 7637 199 32 mondaines
2555 7638 32 33 et
2626 7638 111 33 autres
2778 7638 176 33 élésrances

2998 380 32 29 et
3052 379 164 35 tonneaux,
3242 374 139 34 donnant
3404 379 82 29 akisi
3510 387 46 20 un
3580 379 145 34 baptême
3746 380 135 34 complet

2998 421 39 22 au
3054 415 110 33 prince
3181 414 38 29 de
3237 413 185 30 Danemark.

3038 449 155 36 Manéyrol
3217 456 139 22 emmena
3378 449 29 28 le
3426 449 173 28 Heu-tenant
3622 448 180 30 FûrstkBwe
3826 456 54 21 sur

2997 492 45 22 un
3058 485 91 28 autre
3164 484 130 35 biplace.

3038 520 185 34 Chevil-lard,
3245 520 53 35 qui
3316 527 33 22 se
3369 521 139 28 trouvait
3526 526 56 22 sur
3597 520 204 30 l'aérodrome
3818 520 63 30 iàat

2998 555 162 27 lui-même
3180 556 17 27 à
3212 562 125 27 essayer
3354 561 43 21 un
3413 554 39 29 de
3468 560 51 21 ces
3536 554 169 34 appareils;
3725 554 22 27 il
3762 554 115 27 débuta

3000 590 212 32 brillamment
3236 597 55 21 sur
3317 598 44 21 un
3385 589 127 36 biplace,
3541 589 32 29 et
3596 596 81 28 pour
3701 590 60 29 son
3781 590 100 29 début

2997 631 54 21 sur
3069 623 285 29 Morane-Saoï-lnier
3374 624 35 28 fit
3425 624 103 28 toutes
3549 623 44 29 las
3609 622 173 30 acrobaties
3801 630 76 20 con-

2996 666 78 21 nues
3097 660 18 27 à
3136 667 33 21 ce
3189 660 82 34 jour.
3294 659 47 28 En
3360 658 194 33 descendant,
3578 658 23 27 i'1
3621 666 35 19 se
3676 657 124 28 déclara
3822 665 55 20 en-

2996 693 112 29 chanté
3125 693 56 31 des
3196 694 134 38 qualités
3348 693 37 28 de
3403 693 51 28 vol
3471 693 33 29 et
3519 692 40 31 de
3577 693 30 28 la
3623 691 196 31 maniabilité
3835 694 43 28 du

3005 738 15 17 «
3035 729 125 30 Parasol
3176 739 14 15 »
3210 728 131 35 biplace.

3158 806 65 30 Les
3240 804 298 34 machines-ous^t
3556 812 42 23 au
3620 803 107 32 Salon

3038 861 45 28 La
3104 859 121 29 maison
3246 858 126 29 Salmon
3394 858 115 35 espose
3529 858 77 35 dans
3626 858 31 27 ia
3680 857 115 34 grande
3816 856 62 33 nef,

3002 902 40 22 au
3062 896 90 28 stand
3178 896 44 31 45,
3249 894 149 34 quelques
3420 894 89 34 types:
3532 893 56 28 des
3604 893 277 28 machines-outils

3002 931 112 34 qu'elle
3130 939 20 21 a
3169 929 143 35 toujours
3334 936 39 22 en
3390 929 90 29 stock
3497 930 77 28 dans
3593 936 49 21 ses
3661 929 157 34 magasins
3837 930 43 28 du

3002 966 38 28 96
3059 966 38 28 de
3108 966 33 27 da
3156 972 57 20 rue
3230 964 127 31 Aimelot,
3372 964 20 27 à
3410 963 96 28 Paris.

3042 1000 103 28 Parmi
3160 1007 52 20 ces
3230 998 172 34 machines,
3422 998 39 34 on
3476 1005 165 27 remarque
3658 998 55 28 des
3730 998 82 28 scies
3830 998 49 27 al-

3002 1034 177 33 ternatives,
3204 1033 188 32 circulaires,
3417 1033 159 28 machines
3601 1032 19 28 à
3641 1039 117 27 percer,
3784 1032 95 33 tours,

3004 1070 63 32 etc.,
3082 1071 81 28 ainsi
3177 1077 61 28 que
3254 1070 29 28 le
3298 1069 80 35 petit
3390 1068 157 35 outillage,
3562 1068 123 32 fraises,
3700 1068 106 33 forets,
3824 1069 56 28 etc.

3052 1106 16 27 M
3082 1107 49 26 est
3149 1104 111 28 mutile
3276 1104 38 27 de
3333 1103 141 33 rappeler
3490 1110 61 27 que
3569 1104 30 26 la
3616 1103 122 28 maison
3757 1102 123 27 Sataon

3002 1141 31 26 et
3053 1140 59 32 Cie,
3126 1139 119 28 -fondée
3268 1145 37 21 on
3326 1137 83 33 1818,
3432 1139 47 27 est
3496 1138 189 33 dépositaire
3705 1136 48 35 des
3769 1136 111 35 aciers^

3002 1174 132 34 rapides,
3157 1173 113 28 fondus
3296 1173 111 28 Martin
3442 1173 39 27 de
3508 1172 118 34 qualité
3649 1173 38 28 de
3710 1173 30 27 la
3765 1168 119 39 grande

3002 1210 88 26 firme
3106 1209 54 28 des
3179 1208 113 34 Forges
3308 1210 32 27 et
3354 1206 134 30 a&iéries
3505 1206 34 30 de
3556 1206 34 30 la
3602 1208 121 28 marine
3738 1207 48 29 et-
3802 1207 79 29 d'Ho-

3000 1242 219 30 OïéCOUT-b.
3241 1242 110 30 ̃'̃̃-
3417 1242 88 30 '•̃•
3591 1243 27 21 "̃
3700 1245 69 11 ̃̃̃"

3037 1318 44 28 Le
3100 1307 92 41 Salon
3212 1316 38 28 de
3270 1316 243 35 l'aéronautique
3534 1323 71 22 sera
3624 1318 113 28 ouvert
3757 1317 123 29 demain

3005 1354 40 26 1er
3064 1352 129 35 janvier,
3217 1352 37 27 de
3274 1352 17 26 9
3312 1350 114 30 heures
3445 1351 43 28 du
3506 1352 101 28 matin
3628 1351 18 28 à
3666 1351 20 29 6
3706 1351 116 29 heures
3838 1352 44 28 du

3001 1388 74 28 soir.

3059 1487 757 53 BIBLIOGRAPHIE

3221 1597 87 24 Deux
3324 1598 150 30 ouvrages
3490 1591 175 30 dZaetaalita

3042 1642 39 27 M.
3110 1640 282 36 Dukagjin-Tadoh
3421 1641 89 28 Basri
3538 1640 60 36 bey
3620 1639 88 29 vient
3734 1640 40 28 de
3800 1640 82 28 faire

3006 1676 136 34 paraître
3157 1684 43 22 un
3214 1676 122 27 volume
3353 1684 54 20 sur
3424 1679 28 27 le
3470 1676 94 27 Vieux
3581 1677 110 26 monde
3705 1675 132 29 oriental
3853 1678 29 26 et

3005 1711 129 27 l'avenir
3150 1711 38 27 de
3204 1711 28 27 la
3248 1708 81 37 paix,
3346 1717 73 21 avec
3434 1717 60 22 une
3509 1710 127 34 préface
3649 1710 38 28 de
3702 1711 38 27 M.
3758 1710 125 30 Charles

3004 1745 89 29 Rivet
3111 1745 36 29 et
3164 1752 62 21 une
3248 1744 81 31 carte
3345 1752 43 20 en
3406 1746 145 28 couleurs
3570 1744 56 32 (un
3644 1744 124 29 volume
3789 1744 91 33 in-16,

3005 1780 133 32 Perrin).

3042 1814 147 30 L'auteur
3209 1812 158 30 démontre
3389 1815 30 27 la
3434 1813 155 29 nécessité
3610 1814 42 28 du
3670 1812 153 30 maintien
3841 1813 43 28 du

3002 1849 105 28 sultan
3126 1849 120 28 khalife
3261 1855 119 22 comme
3397 1849 70 28 seul
3485 1855 109 28 moyen
3612 1848 187 34 susceptible
3818 1847 64 28 d'é-

3007 1884 78 27 viter
3108 1883 240 35 l'impérialisme
3372 1883 187 36 usurpateur
3584 1885 40 27 du
3644 1883 120 34 Hedjaz,
3789 1882 95 36 impé-

3005 1918 139 29 rialisme
3176 1918 167 35 fanatique,
3373 1925 40 21 en
3442 1918 93 35 quête
3576 1918 71 28 d'un
3686 1918 198 27 mouvement

3003 1952 166 36 panarabe.
3188 1953 43 29 La
3249 1953 178 28 conclusion
3448 1952 40 29 du
3508 1952 82 28 livre
3607 1952 49 28 est
3670 1959 59 28 que
3750 1950 135 30 l'intérêt

3001 1988 43 27 du
3072 1987 113 28 monde
3210 1988 176 27 musulman
3410 1988 132 28 réclame
3569 1988 30 27 la
3625 1986 118 36 reprise
3770 1993 57 28 par
3854 1986 31 28 la

3004 2022 117 28 France
3142 2022 37 28 de
3200 2024 54 26 son
3274 2022 126 34 antique
3420 2022 129 28 mission
3566 2029 39 21 en
3626 2022 114 30 Orient,
3764 2022 29 27 et
3813 2028 71 21 sur-

3005 2056 67 29 tout
3089 2056 75 29 dans
3182 2058 30 27 la
3228 2056 136 35 Turquie
3382 2058 173 27 redevenue
3572 2057 89 27 notre
3678 2057 90 27 amie.

3042 2091 49 28 Un
3110 2091 113 29 second
3246 2098 134 27 ouvrage
3404 2091 45 29 du
3470 2092 99 27 même
3596 2092 117 28 auteur
3733 2090 92 30 traite
3846 2090 38 29 de

3005 2126 148 34 l'Albanie
3178 2126 226 35 indépendante
3432 2133 31 25 et
3488 2126 137 35 l'empire
3652 2125 131 37 khalifal
3808 2127 75 26 otto-

3005 2168 79 20 man.
3102 2160 61 32 (Un
3180 2161 123 28 volume
3342 2161 91 33 in-8°,
3476 2160 127 32 Perrin.)
3626 2161 37 27 M.
3682 2161 111 29 Claude
3810 2160 61 28 Far

3005 2194 68 29 rère
3098 2201 21 23 a
3144 2194 78 30 écrit
3248 2195 28 28 la
3300 2194 127 36 préface
3450 2195 36 28 de
3510 2202 34 22 ce
3570 2195 88 33 livre,
3685 2195 77 29 dans
3784 2195 100 35 lequel

3006 2229 141 34 l'auteur,
3176 2231 18 27 à
3221 2229 88 29 l'aide
3334 2230 53 28 des
3413 2229 180 29 documents
3621 2230 131 35 inédits;
3772 2229 58 29 fait
3857 2230 36 31 le

3009 2265 104 35 procès
3135 2266 43 27 du
3202 2264 112 28 comité
3336 2265 101 28 Union
3462 2266 34 30 et
3520 2265 126 35 progrès
3673 2266 31 28 et
3728 2265 122 28 conclut

3009 2311 16 15 «
3049 2299 44 28 La
3117 2298 160 29 solidarité
3301 2299 197 28 musulmane
3520 2299 78 27 n'est
3621 2297 36 36 ni
3675 2297 158 36 politique
3853 2299 33 27 ni

3004 2334 102 32 a^àbe.
3132 2334 57 27 elle
3213 2335 47 28 est
3282 2334 126 27 morale.
3434 2344 15 14 »
3483 2347 302 8 •

3038 2368 62 29 Les
3126 2368 80 29 deux
3230 2373 152 31 ouvrages
3409 2367 189 35 témoignent
3622 2366 91 30 d'une
3740 2369 144 27 connais-

3005 2402 93 36 sance
3117 2402 204 36 approfondie
3341 2401 39 29 de
3402 2402 30 29 la
3456 2402 150 35 question,
3628 2402 31 28 et
3681 2401 141 30 révèlent
3842 2408 44 22 un

3006 2437 173 35 sociologue
3195 2437 30 28 et
3242 2444 43 22 un
3302 2437 123 29 homme
3441 2436 153 35 politique
3610 2436 88 29 avisé
3716 2437 30 28 et
3761 2436 143 35 compé-

3005 2473 74 28 tent.

2999 2571 905 62 ~I:E~JT'~E&

3160 2682 168 30 Menaces
3349 2681 45 31 de
3414 2681 114 38 grève
3549 2680 20 31 à
3588 2680 143 38 l'Opéra

3042 2738 51 29 Un
3110 2738 107 30 conflit
3236 2745 143 23 nouveau
3398 2730 116 36 semble
3534 2736 165 28 imminent
3718 2736 19 27 à
3757 2735 130 35 l'Opéra.

3002 2772 44 28 Le
3066 2773 171 34 personnel,
3258 2772 175 28 mécontent
3453 2771 52 29 des
3524 2771 121 28 retards
3665 2769 147 36 apportés
3830 2776 56 28 par

3006 2807 29 28 la
3065 2807 150 28 direction
3242 2807 19 28 à
3290 2807 82 28 tenir
3400 2807 46 28 les
3474 2806 216 35 engagements
3718 2805 75 35 pris,
3825 2804 61 28 lors

3005 2842 55 28 des
3086 2841 155 30 dernières
3266 2841 109 35 grèves
3400 2839 54 31 des
3474 2840 150 34 théâtres,
3652 2846 73 22 avec
3749 2839 38 28 M.
3812 2838 75 28 Laf-

3013 2876 93 34 ferre,
3138 2877 81 28 alors
3250 2877 144 27 ministre
3425 2876 53 28 des
3507 2874 192 33 beaux-arts,
3732 2881 18 20 a
3780 2872 105 29 décidé

3006 2910 150 29 d'obtenir
3178 2909 197 30 satisfaction
3394 2910 78 28 dans
3492 2918 44 20 un
3557 2909 83 29 délai
3660 2909 65 28 très
3745 2908 78 32 bref,
3846 2915 39 20 ou

3006 2944 40 32 de
3062 2946 81 27 faire
3162 2945 100 34 grève.

3042 2980 45 28 La
3108 2981 17 26 7
3148 2979 123 29 octobre
3294 2980 133 32 dernier,
3452 2980 37 28 M.
3509 2977 150 35 Lafferre,
3684 2975 153 31 arbitrant
3858 2977 29 27 le

3006 3015 136 34 premier
3165 3014 114 33 conflit,
3306 3015 85 27 avait
3416 3014 117 35 promis
3558 3014 31 27 la
3613 3013 138 29 revision
3778 3012 109 27 immé-

3006 3049 85 28 diate
3117 3048 53 28 des
3198 3049 133 28 échelles
3357 3049 37 28 de
3422 3048 196 29 traitements
3648 3047 42 28 du
3716 3046 173 36 personnel.

3004 3083 62 28 Les
3086 3082 159 34 choristes,
3269 3084 54 34 qui
3344 3083 167 35 gagnaient
3530 3083 38 35 de
3588 3082 56 28 300
3666 3082 20 28 à
3706 3082 55 27 37'5
3782 3081 106 27 francs

3006 3125 60 27 par
3086 3117 87 34 mois,
3198 3117 201 29 réclamaient
3422 3117 57 28 450
3502 3118 119 32 francs;
3646 3117 44 27 les
3714 3115 174 31 danseuses,

3008 3152 55 34 qui
3089 3151 177 31 obtenaient
3292 3153 39 29 de
3354 3153 56 27 275
3438 3152 19 28 à
3484 3153 55 26 400
3566 3152 105 27 francs
3698 3158 38 21 en
3761 3150 128 27 deman-

3008 3181 105 33 daient
3130 3186 111 28 de'5O0
3261 3187 18 28 à
3298 3187 70 33 750;
3386 3187 45 27 les
3450 3185 168 29 musiciens
3638 3184 170 29 désiraient
3826 3184 64 28 éle-

3006 3221 55 28 ver
3080 3221 73 28 leur
3170 3221 182 28 traitement
3373 3221 138 28 mensuel
3532 3220 19 28 à
3570 3220 57 28 540
3648 3219 31 29 et
3698 3219 57 28 666
3774 3219 115 32 francs,

3008 3257 41 25 au
3068 3255 63 29 lieu
3149 3255 38 28 de
3204 3256 58 27 316
3282 3256 18 27 à
3321 3256 54 26 479
3394 3255 115 29 francs.

3048 3289 38 29 M.
3110 3290 130 32 Rouché,
3268 3290 157 27 directeur
3453 3290 35 28 de
3517 3289 128 35 l'Opéra,
3674 3287 174 29 consentait
3872 3287 19 28 à

3008 3331 50 21 ces
3081 3324 255 34 augmentations,
3360 3324 75 27 dans
3458 3324 27 27 le
3508 3323 149 36 principe.
3682 3322 83 32 Mais,
3789 3321 103 35 prati-

3009 3359 152 34 quement,
3192 3358 22 28 il
3244 3358 137 29 estimait
3409 3366 38 20 ne
3477 3358 29 28 le
3536 3357 130 36 pouvoir
3696 3357 80 28 faire
3805 3356 27 28 si
3861 3356 30 27 la

3009 3390 184 31 subvention
3217 3393 38 28 de
3278 3393 93 28 l'Etat
3392 3391 108 29 n'était
3525 3399 55 28 pas
3602 3388 115 31 accrue
3737 3388 77 31 dans
3837 3389 54 29 des

3009 3427 173 28 conditions
3208 3427 203 35 importantes
3474 3427 38 27 de
3537 3426 80 28 deux
3640 3425 147 28 millions.
3813 3424 78 28 C'est

3006 3462 39 28 de
3066 3469 36 21 ce
3122 3462 76 27 total
3220 3461 192 33 formidable,
3436 3461 32 32 en
3484 3461 95 32 effet,
3601 3467 59 28 que
3682 3460 45 28 les
3746 3459 81 28 frais
3848 3458 43 29 du

3008 3495 123 34 théâtre
3144 3496 139 28 national
3298 3495 300 35 s'augmenteraient,
3616 3495 31 28 et
3661 3494 54 28 dès
3730 3494 22 28 à
3765 3493 127 36 présent

3008 3529 30 29 la
3053 3536 118 23 somme
3188 3530 54 28 des
3260 3530 134 28 arriérés
3412 3530 57 28 dus
3485 3529 37 39 au
3541 3529 165 39 personnel
3722 3535 41 21 en
3778 3528 113 27 exécu-

3008 3563 68 29 tion
3094 3564 38 32 de
3152 3565 220 34 l'engagement
3390 3564 188 28 ministériel
3598 3562 111 30 s'élève
3729 3563 18 27 à
3766 3562 124 33 276,000

3009 3597 124 35 francs,
3151 3597 54 35 que
3224 3600 38 27 M.
3284 3599 123 28 Rouohé
3429 3598 120 28 déclare
3570 3605 42 20 ne
3632 3596 134 36 pouvoir
3786 3602 105 30 payer.

3057 3633 61 33 Afin
3141 3633 37 29 de
3202 3634 149 27 résoudre
3377 3633 80 28 cette
3484 3632 162 33 difficulté,
3674 3632 46 28 les
3746 3631 145 34 délégués

3002 3667 48 31 ;du
3073 3668 162 34 personnel
3258 3665 37 30 de
3318 3667 128 35 l'Opéra,
3468 3664 221 37 accompagnés
3712 3665 38 29 de
3773 3665 37 28 M.
3830 3666 61 27 Le-

3008 3701 81 35 gris,
3106 3701 162 35 secrétaire
3285 3702 37 28 de
3341 3702 30 28 la
3388 3701 185 29 Fédération
3592 3701 53 28 des
3662 3700 178 35 spectacles,
3861 3699 30 28 et

3008 3735 37 34 de
3064 3735 37 34 M.
3120 3735 127 34 Texîer,
3266 3735 181 34 secrétaire
3461 3736 42 27 du
3521 3735 114 28 comité
3658 3734 231 40 intersyndical,

3008 3777 33 24 se
3062 3768 71 30 sont
3150 3769 117 29 rendus
3288 3770 77 33 hier,
3388 3771 18 27 à
3426 3777 75 21 onze
3521 3769 122 33 heures,
3666 3776 41 21 au
3728 3768 162 28 ministère

3008 3804 37 28 de
3062 3803 207 30 l'instruction
3285 3804 157 36 publique,
3460 3803 39 29 où
3517 3804 45 28 les
3578 3804 53 28 ont
3646 3809 92 29 reçus
3753 3803 38 27 M.
3809 3802 83 29 Léon

2997 3838 127 29 -Bérard
3142 3839 31 28 et
3189 3839 39 28 M.
3246 3839 77 28 Paul
3338 3838 94 34 ÎLéon,
3452 3838 156 31 directeur
3626 3837 54 29 des
3697 3837 194 29 beaux-arts.

2997 3872 55 29 :Le
3071 3872 145 29 ministre
3238 3873 36 28 se
3292 3873 124 28 déclara
3438 3872 123 35 disposé
3582 3872 19 28 à
3620 3872 129 28 obtenir
3769 3872 31 27 la
3820 3872 72 27 réa-

2996 3907 139 29 :4i9ation.
3160 3908 59 28 -des
3257 3908 215 33 engagements
3512 3905 184 29 antérieurs.
3737 3905 154 33 Lorsqu'il

2988 3938 46 36 4m
3057 3938 136 36 appela
3216 3938 46 36 au
3284 3941 173 28 ministère,
3473 3937 309 31 M-,a3Eieeu.î.:Bérard
3798 3937 93 31 d'ail-

3004 3974 88 32 Ifturs
3109 3974 87 33 avait
3212 3972 137 29 annoncé
3368 3979 56 22 son
3442 3972 155 28 intention
3614 3972 38 27 de
3670 3971 82 32 faire
3769 3971 130 32 relever,

2999 4002 38 38 là
3056 4002 189 38 subvention
3264 4006 37 28 de
3322 4004 129 36 l'Opéra,
3473 4004 158 29 condition
3652 4004 177 30 essentielle
3850 4005 41 27 du

3006 4042 191 28 relèvement
3221 4041 53 28 des
3298 4040 196 28 traitements
3517 4040 42 27 du
3582 4039 173 36 personnel.
3778 4038 40 28 Ce
3840 4038 52 28 re-

3009 4077 154 28 lèvement
3188 4077 46 28 est
3257 4075 157 29 d'ailleurs
3438 4075 98 32 prévu
3560 4074 75 28 dans
3658 4075 29 27 le
3708 4073 116 31 budget
3846 4073 53 28 des

3006 4111 166 28 bpsiiT-îiri
3188 4111 16 28 s

3045 4145 46 33 Eln
3107 4145 92 33 effet,
3222 4145 77 28 dans
3322 4142 215 38 l'après-midi,
3561 4139 41 33 M/
3623 4139 81 33 Paul
3724 4143 85 28 Léon
3838 4150 53 20 re-

3006 4179 102 29 cevait
3136 4180 37 28 M.
3201 4178 133 33 Rouché,
3362 4178 32 28 et
3423 4176 245 37 communiquait
3697 4184 41 21 au
3768 4177 121 33 comité,

3009 4215 52 34 qui
3082 4214 102 29 s'était
3205 4213 92 29 réuni
3318 4214 18 27 à
3356 4212 30 28 la
3404 4213 118 27 Bourse
3544 4212 41 28 du
3606 4212 122 32 travail,
3750 4212 45 27 les
3816 4218 75 34 pro-

3009 4249 148 34 positions
3182 4248 43 27 du
3249 4248 156 27 directeur
3429 4247 36 27 de
3489 4246 129 35 l'Opéra.
3642 4246 38 28 M.
3705 4244 123 29 Rouché
3850 4253 40 20 ne

3009 4283 126 34 pouvait
3152 4283 83 27 faire
3254 4288 119 28 aucune
3393 4288 158 28 promesse
3570 4288 40 20 au
3628 4280 87 34 sujet
3734 4280 41 27 du
3794 4287 96 28 paye-

3008 4318 83 27 ment
3116 4317 37 28 de
3181 4316 154 28 l'arriéré.
3351 4316 31 28 Il
3408 4314 173 30 consentait
3606 4314 20 29 à
3652 4314 137 28 discuter
3816 4321 73 21 avec

3008 4358 56 21 son
3088 4351 163 37 personnel
3276 4358 55 20 sur
3354 4349 37 30 de
3410 4349 166 30 nouvelles
3598 4347 98 34 bases,
3725 4349 84 27 étant
3834 4355 55 21 en-

3008 4385 97 35 tendu
3125 4385 58 35 que
3202 4382 263 37 l'augmentation
3474 4382 54 32 des
3549 4383 129 28 salaires
3697 4382 97 32 serait
3813 4390 75 21 cou-

3006 4420 87 27 verte
3117 4427 56 27 par
3196 4420 52 29 des
3273 4417 265 36 représentations
3562 4417 287 34 supplémentaires.

3045 4454 44 27 La
3113 4454 177 34 suggestion
3314 4453 38 27 de
3378 4453 36 27 M.
3438 4451 124 28 Rouché
3586 4452 51 27 fut
3662 4452 64 27 fort
3749 4451 62 28 mal
3836 4459 52 21 ac-

3007 4488 133 30 cueillie.
3158 4487 49 29 Tfo
3226 4487 90 28 ordre
3336 4486 41 28 du
3394 4486 74 35 jour
3488 4485 50 29 fut
3554 4486 73 28 voté
3646 4485 18 32 à
3682 4485 206 32 l'unanimité,

3008 4523 100 34 lequel
3130 4523 47 29 est
3196 4522 80 28 ainsi
3298 4527 92 30 conçu

3042 4569 53 25 Lee
3118 4568 109 25 autistes
3249 4568 31 25 et
3296 4568 31 25 te
3345 4567 148 32 personiaal
3514 4567 36 25 de
3572 4566 111 32 l-'Oipara
3702 4566 129 25 déokteat
3853 4566 37 25 de

3006 4604 157 32 fxrocèajmer
3178 4603 29 25 Ja
3225 4603 83 30 grève
3322 4603 20 24 à
3356 4602 111 31 d'Opéra
3482 4602 34 28 si,
3533 4600 71 27 dins
3624 4607 36 18 un
3677 4601 73 25 éé3ai
3766 4601 37 25 de
3822 4606 68 26 qua-

3007 4638 154 25 raate-taït
3181 4637 109 29 heusres,
3314 4631 173 30 satisfiâobion
3506 4641 36 20 ne
3562 4636 63 29 leur
3648 4636 41 24 est
3710 4641 51 26 pas
3782 4635 107 25 donnée

2994 4670 68 31 ,ea-
3079 4670 152 31 cooî<nwMé
3253 4677 66 19 arec
3342 4670 120 25 l'aooord
3482 4670 103 25 comslu
3605 4670 28 27 5e
3654 4669 15 25 T
3685 4669 118 26 .O'Otobne
3825 4675 64 26 par-

3006 4707 101 25 devsajt
3122 4707 29 25 le
3162 4706 131 25 ministre'
3300 4706 35 24 de
3348 4704 186 28 linstoiotian
3545 4704 142 32 ip-uMJque,
3703 4705 26 23 et
3742 4704 148 25 remettent

3006 4742 78 24 leurs
3102 4740 117 26 tofcérëts
3237 4740 77 25 entre
3332 4740 41 24 les
3393 4740 90 24 mains
3505 4739 39 24 du
3562 4738 100 25 oomibé
3682 4737 207 33 intesymdiosJ,

3000 4768 109 39 "àucpiël
3132 4776 34 24 fis
3189 4774 145 26 aoooïdent
3356 4774 75 25 toute
3454 4774 63 24 leuir
3538 4772 139 26 conflaiD'oe
3702 4778 69 27 pour
3793 4778 95 20 mener

3008 4810 18 25 à
3042 4810 63 26 bien
3121 4810 32 26 la
3170 4808 121 29 soioitton
3309 4809 39 25 du
3366 4808 103 25 conflit.

3045 4858 122 31 Comme
3189 4857 40 28 M.
3250 4856 123 29 Rouché
3394 4863 111 22 assure
3526 4856 76 35 qu'il
3622 4856 41 35 ne
3684 4856 81 35 peut
3784 4863 103 33 payer,

3008 4892 22 27 il
3050 4892 52 39 est
3120 4892 137 39 possible
3277 4898 59 28 que
3357 4891 30 27 la
3410 4891 92 33 grève
3521 4890 100 28 éclate
3641 4890 159 28 vendredi.
3821 4892 68 27 Elle

3008 4926 178 28 interdirait
3218 4925 76 28 donc
3326 4925 43 27 les
3398 4925 266 39 représentations
3694 4925 54 28 des
3777 4924 111 31 ballets

3007 4966 111 28 russes,
3142 4960 135 35 puisque
3300 4959 45 28 les
3366 4959 170 28 musiciens
3558 4959 189 28 cesseraient
3770 4959 30 27 le
3824 4959 65 28 tra-

3006 4995 71 28 vail.
3096 4993 51 29 Ils
3164 4993 219 29 collaboreront
3402 4993 151 28 toutefois
3573 5000 40 21 au
3632 4992 73 35 gala
3724 4992 164 35 Granados,

3007 5029 41 28 du
3074 5030 19 26 6
3119 5026 131 37 janvier,
3278 5035 40 20 en
3342 5028 92 27 vertu
3462 5028 37 27 de
3528 5034 172 27 promesses
3730 5027 158 35 spéciales.

3006 5063 90 27 Enfin
3117 5063 37 28 M.
3174 5061 109 35 Legris
3302 5069 20 21 a
3340 5061 147 34 envisagé
3508 5061 29 27 la
3558 5061 221 35 participation
3800 5061 38 28 de
3858 5062 30 27 la

3007 5097 183 29 Fédération
3217 5097 43 27 du
3284 5096 151 35 spectacle
3462 5103 40 20 au
3529 5096 197 28 mouvement
3750 5095 137 34 gréviste

3006 5131 37 29 de
3065 5129 128 37 l'Opéra,
3216 5130 28 29 si
3266 5131 30 28 la
3314 5130 152 29 nécessité
3486 5129 65 30 s'en
3572 5129 108 29 faisait
3700 5129 108 30 sentir.

3056 5205 82 28 <Oe
3151 5205 91 28 soir

3045 5245 27 27 A
3085 5243 296 36 4'Op-éra-Comique,
3398 5244 72 29 dans
3488 5244 36 29 le
3541 5243 58 31 Roi
3614 5243 80 31 d'Ys,
3713 5243 173 29 d'Edouard

2991 5274 110 37 -ïLalo,
3112 5277 71 29 MUe
3204 5277 107 28 Caivet
3330 5277 149 30 chantera
3499 5283 81 29 .pouT
3599 5275 33 30 lia
3652 5276 155 36 première
3825 5277 70 33 fois:,

3010 5313 27 27 le
3050 5312 65 29 rô'le
3129 5312 37 29 de
3178 5313 196 34 Margared.

3006 5457 314 32 conventionnelles.
3342 5458 77 30 Cela
3438 5458 54 29 n'a
3510 5465 62 31 pas
3592 5465 67 23 une
3678 5456 126 39 grande
3822 5457 66 29 im-

3006 5496 167 38 portance,
3193 5494 127 32 surtout
3340 5496 224 38 aujourd'hui,
3585 5496 31 30 et
3633 5496 104 30 serait
3754 5504 47 21 un
3822 5503 65 29 peu

3010 5536 76 30 vain
3113 5544 42 22 ou
3180 5535 108 30 même
3310 5543 189 30 ennuyeux,
3522 5535 121 38 jusque
3666 5535 87 29 dans
3776 5533 112 30 Saint-

3006 5573 127 38 Simon,
3150 5574 53 30 s'il
3218 5575 57 36 n'y
3290 5574 90 30 avait
3396 5573 38 31 la
3453 5573 152 31 manière.
3621 5573 44 31 M.
3684 5573 119 30 Proust
3817 5581 70 21 res-

3009 5614 124 32 semble
3154 5621 118 24 encore
3294 5622 45 21 un
3358 5620 68 30 peu
3448 5612 21 30 à
3488 5612 153 31 l'illustre
3673 5612 63 30 duc
3758 5612 30 29 et
3813 5611 73 37 pair

2994 5650 95 32 dans
3114 5660 40 21 sa
3178 5652 99 36 façon
3302 5652 137 30 d'écrire
3465 5651 19 30 à
3508 5651 34 30 la
3565 5650 120 37 diable,
3713 5657 79 30 sans
3817 5658 69 22 res-

3005 5691 74 36 pect
3097 5690 41 30 de
3158 5690 35 30 la
3212 5690 180 31 correction
3414 5690 252 39 grammaticale
3686 5689 108 38 (l).et,
3814 5697 72 22 sur-

3005 5729 76 37 tout,
3109 5729 23 29 il
3160 5729 49 30 est
3234 5729 48 30 lui
3309 5730 93 29 aussi
3429 5728 283 31 essentiellement
3738 5736 45 22 un
3810 5735 78 22 sen-

3005 5767 58 31 sitif
3108 5767 96 30 Mais-
3221 5775 41 23 au
3285 5768 67 30 lieu
3378 5768 39 30 de
3441 5775 35 22 se
3500 5767 119 30 laisser
3642 5767 246 31 furieusement

3006 5807 163 36 emporter
3194 5815 60 29 par
3278 5815 50 21 un
3350 5806 191 35 tourbillon,
3565 5806 36 30 il
3619 5806 18 30 a
3660 5806 57 30 des
3745 5806 140 36 impres-

3002 5845 93 38 sions
3113 5844 77 38 plus
3206 5845 132 36 douces,
3354 5845 33 29 et
3402 5845 23 30 il
3442 5845 50 29 les
3510 5852 139 22 savoure
3666 5845 41 36 en
3728 5845 161 36 gourmet,

3005 5883 21 29 il
3048 5884 158 29 raisonne
3228 5883 19 31 à
3268 5884 73 29 leur
3361 5883 90 38 sujet
3473 5890 79 23 avec
3574 5883 57 30 des
3652 5883 234 31 raffinements

3004 5920 124 33 infinis.
3150 5922 29 29 Il
3198 5922 61 31 est
3280 5922 102 31 moins
3402 5921 217 31 violemment
3641 5921 193 41 passionné,
3857 5922 30 30 et

3004 5961 75 37 plus
3104 5962 211 29 savamment
3338 5961 180 30 dilettante.
3542 5961 88 33 Avec
3654 5961 58 36 lui,
3737 5968 42 22 on
3805 5960 81 31 n'est

3005 6007 59 29 pas
3086 5999 121 30 secoué
3228 6007 60 30 par
3310 6008 47 21 un
3380 6001 77 29 vent
3478 6000 41 29 de
3542 5999 151 38 teiBpête,
3718 6000 87 29 mais
3829 6008 56 22 en-

3001 6038 107 30 traîné
3138 6039 84 29 dans
3252 6038 47 29 les
3329 6038 162 30 délicieux
3518 6038 33 30 et
3580 6037 159 38 paisibles
3769 6038 115 30 méan-

3005 6076 73 30 dres
3110 6077 43 29 du
3182 6077 78 38 plus
3292 6076 99 30 subtil
3422 6076 192 31 esthétisme
3644 6077 241 38 contemplatif.

3044 6115 91 30 Dans
3158 6115 30 30 le
3206 6123 80 23 sens
3305 6115 42 29 où
3366 6115 193 31 l'entendait
3578 6116 124 33 Rapine
3724 6116 18 29 à
3762 6123 122 30 propos

3006 6155 38 28 de
3062 6153 173 38 Bérénice,
3255 6153 39 38 M.
3313 6153 125 31 Marcel
3458 6154 116 31 Proust
3593 6163 20 21 a
3632 6155 121 38 prouvé
3774 6162 40 22 sa
3834 6155 50 29 fa-

3003 6193 88 30 culté
3112 6193 204 30 d'invention
3340 6202 40 20 en
3405 6192 126 31 faisant
3558 6193 142 39 quelque
3722 6195 99 29 chose
3845 6194 38 29 de

3005 6231 82 30 rien.
3100 6231 42 30 Ce
3157 6231 80 30 livre
3253 6232 27 29 si
3297 6230 197 31 substantiel
3513 6232 49 30 est
3576 6233 91 30 aussi
3682 6235 64 35 peu
3762 6233 121 36 chargé

2989 6277 80 30 ?que
3110 6270 148 39 possible
3302 6269 40 30 de
3388 6270 137 30 matière
3548 6271 33 30 et
3606 6270 208 32 d'incidents.
3832 6271 51 30 'M.

3005 6309 118 31 Proust
3141 6317 19 21 a
3175 6299 245 47 l'imagination
3435 6316 232 31 romanesque,
3683 6311 56 37 qui
3755 6312 49 29 est
3819 6318 65 23 une

3006 6348 96 30 chose
3121 6348 205 35 charmante,
3345 6350 79 29 sans
3468 6349 76 36 quoi
3562 6349 66 29 l'on
3648 6356 35 22 se
3702 6348 181 32 demande-

3005 6386 62 32 rait
3082 6387 169 36 comment
3270 6395 81 21 ceux
3369 6387 56 37 qui
3445 6395 41 21 en
3505 6388 75 38 sont
3599 6388 187 38 .dépourvus
3802 6397 80 29 peu-

3005 6426 75 30 vent
3097 6426 101 36 vivre,
3217 6425 39 39 si
3276 6425 212 39 précisément
3505 6426 41 30 ils
3565 6427 76 31 n'en
3664 6427 220 37 manquaient

3016 6470 30 25 au
3061 6465 95 38 point
3172 6465 41 29 de
3230 6464 75 31 n'en
3326 6473 62 30 pas
3405 6465 110 30 même
3533 6466 161 37 éprouver
3710 6466 30 30 le
3757 6466 126 30 besoin.

2984 6503 18 33 i
3020 6503 71 33 Mais
3106 6512 37 22 sa
3158 6503 159 30 fantaisie
3334 6504 143 30 s'exerce
3494 6505 238 30 en'variations
3752 6513 59 21 sur
3826 6505 58 29 des

2986 6542 131 37 ^thèmes
3136 6542 113 37 réels,
3270 6543 32 31 et
3324 6550 60 23 son
3408 6543 111 34 fertile
3541 6544 103 38 esprit
3665 6544 55 30 n'a
3742 6552 63 29 pas
3826 6543 57 30 be-

3002 6582 73 33 gpjn
3098 6581 50 41 de,
3165 6581 50 41 ces
3233 6593 17 22 «
3273 6583 175 29 aventures
3470 6593 16 16 »
3513 6583 55 38 qui
3588 6582 178 39 suppléent
3805 6582 78 31 chez

3001 6614 146 42 ef'âùtres
3165 6615 206 35 romanciers
3390 6622 30 28 et
3438 6629 87 29 pour
3540 6615 144 36 d'autres
3704 6621 147 37 lecteurs,
3868 6621 17 37 a

2985 6658 38 39 4a
3042 6658 168 39 'pauvreté
3228 6659 43 31 du
3289 6659 111 30 fonds.
3418 6660 52 29 Du
3490 6659 69 31 côte
3577 6658 39 33 âe
3634 6661 84 29 chez
3743 6655 143 36 Swann

3002 6698 79 29 était
3098 6697 29 30 le
3146 6698 131 31 tableau
3297 6699 40 29 de
3354 6706 55 22 ses
3432 6699 221 37 impressions
3672 6699 171 31 d'enfance

3001 6736 22 29 A
3050 6736 137 31 l'ombre
3209 6737 57 29 des
3305 6738 122 37 jeunes
3468 6737 91 38 filles
3585 6748 42 21 en
3646 6738 109 37 fleurs
3778 6739 104 35 conte,

3003 6778 128 27 comme
3154 6776 47 29 dit
3221 6776 79 37 Loti,
3322 6777 100 30 celles
3446 6777 39 29 de
3506 6777 42 38 sa
3569 6777 105 38 prime
3714 6777 167 37 jeunesse.

3002 6814 89 30 Vous
3114 6815 115 30 n'avez
3248 6812 62 41 pas
3329 6815 112 31 oublié
3464 6815 151 38 Gilberte,
3636 6816 34 29 la
3690 6817 72 30 fille
3782 6817 39 30 de
3846 6825 35 22 ce

3002 6853 125 38 Swann,
3148 6853 104 38 l'ami
3269 6854 58 30 des
3346 6855 145 38 princes,
3511 6855 29 30 si
3558 6855 208 38 pleinement
3786 6865 95 21 mon-

3002 6888 88 41 dain,
3105 6893 91 38 qui
3213 6900 61 23 son
3290 6893 74 31 âme
3382 6901 41 23 en
3442 6893 80 31 folie
3538 6901 20 23 a
3574 6894 64 30 fait
3653 6894 141 38 épouser
3809 6895 72 30 ino-

3000 6930 174 39 pmément
3194 6941 66 21 une
3281 6932 121 38 simple
3448 6931 298 39 demi-mondaine,
3768 6934 112 30 Odette

3001 6970 38 31 de
3058 6969 112 39 Crécy.
3192 6970 91 30 Nous
3321 6971 196 31 retrouvons
3558 6972 137 38 Swann,
3717 6972 114 31 Odette
3850 6974 32 28 et

3001 7009 152 31 Gilberte.
3174 7009 106 38 Après
3298 7019 68 21 une
3385 7010 133 37 période
3542 7012 39 30 de
3600 7011 115 30 tendre
3734 7012 31 30 et
3784 7012 96 29 inno-

2998 7047 90 38 cente
3106 7047 161 38 intimité,
3285 7049 144 30 Gilberte
3449 7057 34 22 se
3506 7050 162 36 refroidit,
3688 7059 80 21 sans
3789 7051 91 30 autre

3001 7087 95 30 motif
3138 7095 63 29 que
3241 7087 225 32 l'universelle
3506 7089 216 30 inconstance
3764 7090 39 29 de
3844 7098 36 22 ce

3000 7126 116 31 monde
3140 7126 47 31 en
3206 7127 170 38 perpétuel
3398 7127 145 37 devenir,
3564 7128 144 38 laquelle
3731 7130 48 28 est
3802 7137 78 29 par-

2998 7163 245 33 ticulièrement
3262 7175 20 20 a
3301 7166 153 30 redouter
3472 7167 79 30 chez
3569 7167 59 30 des
3654 7167 86 32 êtres
3758 7168 121 38 jeunes

2998 7204 30 29 et
3046 7204 249 37 indéterminés,
3313 7205 122 30 devant
3452 7206 57 37 qui
3528 7206 166 30 s'ouvrent
3712 7206 39 30 de
3769 7206 110 38 larges

2997 7243 224 37 perspectives
3241 7243 31 29 et
3290 7244 58 37 qui
3366 7252 43 22 ne
3426 7245 218 29 connaissent
3681 7253 61 29 pas
3762 7253 121 24 encore,

2998 7290 35 22 ce
3052 7282 91 29 désir
3162 7282 124 38 éperdu
3310 7282 39 30 de
3370 7283 154 37 stabilité,
3564 7284 157 37 angoisse
3738 7285 36 30 et
3792 7285 88 30 tour-

2998 7320 87 30 ment
3107 7320 44 30 de
3169 7321 85 37 l'âge
3276 7321 83 30 mûr.
3382 7319 76 40 C'est
3474 7319 91 40 'tout,
3586 7323 20 31 à
3625 7332 42 21 ne
3689 7323 190 31 considérer

2999 7365 62 31 que
3073 7358 162 40 l'action,,
3252 7358 65 40 pour
3334 7358 33 40 la
3377 7361 164 37 première
3556 7362 106 37 partie
3678 7363 43 29 du
3734 7362 144 30 volume.

2996 7396 46 31 La
3060 7399 140 29 seconde
3222 7407 34 21 se
3274 7407 165 29 compose,
3477 7399 148 39 après,la
3640 7401 141 30 brouille
3800 7408 78 23 avec

2998 7436 152 37 Gilberte,
3170 7437 97 30 d'une
3288 7438 113 30 saison
3422 7447 66 22 aux
3506 7439 98 30 bains
3622 7440 51 34 de.
3685 7448 80 29 mer,
3784 7440 44 30 où
3846 7440 31 30 le

3030 7514 38 29 (1)
3092 7515 20 27 U
3132 7515 39 27 ne
3190 7515 30 24 Sa
3238 7516 124 30 respest'a
3382 7516 100 25 même'
3493 7509 77 38 point
3590 7522 79 20 assez
3692 7517 26 25 et
3736 7522 36 19 ne
3790 7515 91 26 revoit

2994 7550 53 29 'pas
3066 7553 78 19 assez
3161 7549 225 31 soigneusement
3405 7556 46 19 ses
3470 7551 144 31 épreuves.
3634 7551 22 25 H
3678 7548 84 28 laisse
3782 7556 98 28 passer

2994 7580 51 27 des
3066 7583 74 30 j'eus
3160 7588 72 27 pour
3254 7582 15 33 y
3284 7582 85 33 eusse,
3384 7582 57 33 'û&s
3465 7592 12 14 «
3500 7586 54 24 soit
3576 7586 68 31 qu'il
3666 7587 68 25 croit
3759 7587 16 32 »
3791 7587 91 32 (po-ur

2997 7615 106 31 croie),
3119 7615 46 31 des
3188 7627 10 12 «
3220 7619 20 31 il
3261 7620 93 24 ampait
3370 7620 93 24 votrlu
3480 7625 54 26 que
3552 7625 75 20 nous
3646 7622 133 31 partîmes
3796 7624 34 29 »,
3847 7624 34 29 <»

2994 7650 46 27 mil
3056 7650 61 27 Jait
3133 7650 31 27 tm
3170 7652 64 28 3>ien
3250 7651 111 30 éteaojK-
3375 7651 166 30 eutfjoaotïf.
3553 7655 79 29 etw.

3958 381 50 28 Au
4029 381 124 29 théâtre
4173 377 120 35 Michel,
4319 381 19 29 à
4362 381 19 28 8
4400 381 37 28 h.
4461 382 47 31 30,
4532 383 122 33 reprise
4677 382 127 35 à'Afgar

3922 424 40 20 ou
3977 418 45 27 les
4034 416 120 30 Loisirs
4169 416 41 28 du
4224 414 117 34 harem,
4354 415 143 35 opérette
4509 422 40 22 en
4561 417 83 28 deux
4656 417 92 33 actes,
4762 419 42 29 de

3920 449 69 29 M-M.
4018 449 109 29 Michel
4153 450 94 28 Carré
4270 450 35 27 et
4329 449 105 29 André
4458 450 108 33 Barde,
4593 451 145 35 musique
4764 450 39 30 de

3922 485 181 29 M.'Charles
4118 483 159 30 Cuvillier.

3957 519 39 28 En
4016 519 58 28 fin
4086 520 40 27 de
4142 519 161 35 spectacle,
4322 519 155 28 Gabrielle
4490 528 20 20 a
4528 519 162 36 découché,
4706 522 42 28 de
4764 522 37 28 M.

3922 554 134 29 Nozière.

4020 602 26 27 A
4061 603 33 26 la
4112 602 339 35 Comédie-Française.

3962 642 60 27 Par
4037 641 84 28 suite
4137 641 43 28 du
4196 641 120 35 départ,
4381 649 72 27 que
4465 642 72 29 tous
4554 643 50 30 Ite»
4615 643 85 29 amis
4714 644 42 27 de
4772 644 32 28 la

3921 676 120 30 Maison
4056 678 40 27 de
4113 677 129 28 Molière
4258 678 32 27 et
4305 678 40 28 de
4361 677 74 29 l'art
4450 678 198 35 dramatique
4666 678 138 35 français

3922 712 169 35 déplorent,
4174 712 39 28 de
4238 712 78 28 Mme
4334 712 115 33 Bartet,
4470 713 82 27 'Mme
4576 712 154 29 S.-Weber
4752 714 47 27 de-

3922 746 88 27 vient
4033 746 32 27 la
4089 745 138 34 doyenne
4254 746 38 28 de
4320 746 28 29 la
4374 746 335 36 Comédie-Française.
4736 747 69 29 Elle

3922 780 110 35 jouera
4052 781 128 28 OamiMe
4196 781 148 28 vendredi
4362 788 41 21 en
4422 782 137 28 matinée
4578 783 78 27 dans
4674 783 129 28 Horace.

3960 815 28 27 A
4004 816 104 35 partir
4125 816 39 28 de
4184 815 126 29 demain
4332 817 40 26 1er
4393 815 124 35 janvier
4536 817 81 27 Mme
4633 818 80 27 Lara
4734 824 68 22 ces-

3921 857 72 21 sera
4006 849 38 28 de
4061 850 81 28 faire
4156 851 104 34 partie
4274 851 40 28 de
4328 852 32 27 la
4374 851 343 35 Comédie-Française.,

3961 884 26 28 A
4012 885 101 34 partir
4136 886 39 28 de
4193 886 124 28 demain
4344 886 177 35 également,
4550 887 104 33 Mines,
4664 887 141 29 Suzanne

3921 920 145 34 Devoyod
4104 921 32 27 et
4173 921 78 33 Dux,
4289 921 156 32 nommées
4484 922 60 28 l'an
4578 921 139 33 dernier;
4736 923 67 28 MM.

3922 953 172 29 Alexandre
4114 955 34 28 et
4169 955 97 29 Denis
4285 956 100 29 d'Inès
4404 957 34 27 et
4457 956 73 30 MMe
4550 957 93 34 Bovy,
4665 958 138 28 nommés

3924 988 195 35 récemment,
4134 991 172 33 prendront
4325 999 56 19 sur
4400 991 15 29 f
4430 991 114 29 affiche'
4549 992 87 29 leurs
4654 998 93 28 rangs
4766 993 40 27 de

3924 1025 187 28 sociétaires.

4015 1073 54 27 Au
4086 1072 122 28 théâtre
4226 1073 143 28 Antoine.
4449 1074 116 28 Jeunes
4586 1075 89 31 filles,
4693 1074 111 34 jeunes

3922 1113 82 27 gens,
4022 1107 131 35 lyeéené,
4172 1107 140 34 écoliera
4330 1107 35 34 en
4383 1107 140 34 vacances
4536 1108 136 30 donnent
4685 1109 120 35 chaque

3922 1143 67 26 soir
4006 1150 42 20 un
4065 1143 107 34 aspect
4186 1143 40 27 dé
4242 1142 102 34 gaieté
4361 1144 18 28 à
4397 1144 35 28 la
4445 1143 78 28 salle
4538 1144 45 28 du
4598 1143 125 29 théâtre
4740 1145 64 27 An-

3923 1175 85 28 toine
4021 1176 45 29 où
4077 1178 70 26 Aux
4160 1177 125 29 Jardins
4298 1178 38 27 de
4350 1177 18 32 M
4386 1177 86 32 urçie
4478 1178 127 37 ;offrent
4619 1178 16 35 à
4651 1178 47 35 .ce
4714 1178 93 35 public

3922 1210 130 29 vibrant
4076 1218 42 21 un
4146 1211 153 35 spectacle
4330 1208 185 38 artistique..

3930 1269 38 14 .'•
4009 1255 62 27 Aux
4098 1255 161 33 Gapueines,
4285 1256 109 26 demain
4418 1257 86 30 jeudi,
4530 1257 67 31 jour
4621 1258 37 25 de
4682 1258 64 29 ï'a/n,
4770 1264 35 19 eu

3922 1290 119 26 matinée
4058 1290 15 26 à
4088 1290 73 26 trois
4174 1291 102 25 heures
4293 1292 28 24 et
4336 1289 26 27 lé
4376 1291 57 25 soir
4449 1291 18 26 à
4485 1291 69 26 neuf
4566 1292 111 30 heures,
4694 1292 25 26 le
4734 1293 72 24 Bon-

3926 1327 70 24 heur
4020 1327 33 25 e
4077 1332 45 19 ma
4144 1328 112 28 femme,
4280 1332 47 19 avec
4373 1333 32 18 sa
4426 1326 196 31 remarquable
4642 1326 165 33 interpréta^

3922 1361 65 26 tioo
4045 1361 93 24 Victor
4162 1360 132 29 Boucher,
4317 1361 69 26 Jane
4410 1361 166 28 R«poœuxlt,
4598 1362 106 29 Barrai,
4729 1361 77 33 t,uoy

3922 1395 99 26 'Maxeil
4033 1397 29 24 et
4074 1396 94 29 Lucïïe
4184 1395 110 34 Notent,
4309 1396 128 29 Bè&Bdlie,
4453 1396 57 29 etc.,
4526 1396 28 24 et
4568 1396 104 24 Gaston
4686 1396 119 26 Dniboso.

4009 1444 25 25 A
4046 1443 30 25 Ja
4090 1442 144 32 Potànière,
4250 1442 31 29 7,
4297 1442 46 29 rue
4353 1442 232 27 Louis-ae-Grand
4602 1443 86 28 (Cent.
4703 1443 103 29 86-21).

3978 1477 23 26 A
4016 1478 148 25 l'ocoasion
4181 1477 37 25 de
4233 1478 30 24 la
4282 1476 236 32 Saint-Sy±v>ei3t!re,
4540 1478 104 30 grande
4661 1479 91 24 eotnéo
4770 1478 36 25 de

3924 1512 66 32 gala
4001 1517 75 27 pour
4091 1513 27 24 la
4133 1512 109 25 rangée
4252 1511 40 25 <de
4306 1512 69 25 miss
4390 1511 134 32 Canupikm
4540 1512 70 25 dans
4629 1512 85 31 Vas-y
4730 1513 75 25 voir'

4010 1560 37 25 M.
4066 1557 246 34 Jaques-Daikïroze
4333 1560 28 24 et
4380 1565 45 18 ses
4446 1559 100 24 élèves'
4557 1559 122 29 donmeot
4698 1559 43 29 les
4758 1566 48 20 ear-

3922 1594 76 25 tnedi
4014 1595 26 28 3,
4057 1595 80 24 lundi
4154 1595 17 23 5
4189 1594 42 27 et'
4245 1594 83 27 maandi
4346 1594 15 24 6
4378 1594 117 31 jearviBr,
4514 1599 56 20 une
4586 1593 108 28 séainee
4710 1593 31 28 àe
4756 1595 49 28 dé-

3924 1629 198 26 moostratkMis
4142 1629 19 25 à
4182 1629 30 24 la
4234 1629 69 25 saîle
4329 1629 111 25 Gaveau
4462 1629 177 32 (rythmique,
4662 1628 145 34 imiétojqiùe,

3925 1663 138 31 plastique
4078 1663 130 30 amtoôe).

3924 1713 68 29 Les
4013 1712 136 37 grands
4170 1717 194 26 concerts

4009 1763 131 25 Coojoepte
4166 1762 170 32 Pasdefoup..
4420 1763 115 25 IXemain
4562 1761 86 32 jeudi,
4677 1763 38 24 1"
4744 1764 61 30 jan-

3924 1798 65 28 vier,
4012 1797 17 25 à
4048 1798 70 24 trois
4138 1798 101 25 heures
4262 1797 73 29 (bars
4354 1797 96 29 série),
4470 1797 151 25 ouverture
4640 1798 37 24 d«
4698 1798 107 25 Phèdre

3926 1832 146 29 (Massenet)
4120 1833 131 24 Concerto
4266 1837 97 26 grosso
4379 1832 145 28 (HaamM),
4542 1826 62 30 M&ï.
4620 1832 115 30 Donsoa,
4750 1833 56 24 Ou-

3925 1866 46 25 det
3994 1866 34 29 et
4045 1866 149 29 Foupaier;
4222 1867 38 24 1"
4284 1867 71 24 suite
4378 1866 37 26 de
4438 1866 178 26 l'Arlésienne
4642 1866 110 31 (Bizet);
4780 1868 27 24 la

3924 1902 132 24 Jeunesse
4070 1901 146 25 d'Hercule
4232 1899 183 32 (Saint-Saëns)
4461 1900 39 24 lro
4514 1901 74 24 Suite
4600 1901 37 24 de
4650 1902 71 24 Peer
4734 1901 72 30 Gynt

3926 1930 120 37 (Grieg)
4066 1936 151 24 ouverture
4234 1936 37 26 de
4289 1936 153 24 Guillaume
4461 1936 60 25 Tell
4537 1935 140 30 (RossM),
4693 1941 70 20 sous
4778 1936 30 25 te

3927 1969 130 26 dJreoKoin
4074 1970 35 24 de
4129 1971 36 23 M.
4185 1970 201 24 Rhené-Bafcon.

3924 2024 195 40 Nouvelles
4140 2023 44 31 de
4204 2023 161 39 province

4012 2075 67 28 Pau,
4105 2073 91 27 Palais
4221 2073 118 26 d'Hiver.
4420 2073 38 25 Ue
4482 2073 177 25 mouvement
4681 2073 127 26 hivernal

3925 2110 155 24 s'^aoceoitue
4098 2109 62 24 tous
4174 2109 43 24 les
4232 2108 80 31 jours
4332 2107 63 26 avec
4411 2107 32 26 la
4456 2113 89 20 veorae
4562 2108 50 25 des
4624 2108 67 32 ipH-us
4708 2108 100 26 hautes

3925 2144 201 31 personùailités
4142 2144 27 24 et
4185 2144 35 24 de
4237 2148 52 19 nos
4305 2142 147 25 mondains
4466 2143 37 25 ^a
4517 2148 124 26 marque.
4658 2143 39 24 Le
4710 2143 97 24 triom-

3928 2179 51 30 phe
3998 2179 41 24 du
4057 2179 91 24 Palais
4166 2178 119 28 d'Hiver,
4306 2183 51 26 par
4374 2183 53 19 son
4446 2177 121 29 théâtre,
4583 2177 46 29 ses
4645 2177 166 29 attractions

3928 2213 225 25 sensationnelles
4166 2213 29 24 et
4209 2213 27 24 le
4251 2212 109 25 confort
4374 2212 35 24 de
4424 2218 47 19 ses
4486 2212 95 25 salions
4598 2212 41 24 est
4654 2217 55 20 une
4724 2212 85 25 chose

3926 2252 137 20 reconnue
4090 2248 33 25 de
4146 2248 72 25 tous.
4238 2248 37 24 M.
4297 2246 125 32 Philippe
4446 2247 122 25 Ganbert
4590 2252 17 19 a
4628 2245 88 33 dirigé
4738 2251 68 25 avec

3926 2288 39 19 un
3980 2282 100 25 succès
4094 2283 179 24 retentissant
4286 2282 29 25 le
4332 2281 118 32 premiar
4465 2281 112 25 concert
4590 2280 148 32 dlaseique.
4756 2281 52 24 Las

3928 2317 70 24 fêtes
4021 2317 37 24 de
4082 2317 68 24 Noël
4178 2318 48 24 ont
4253 2316 42 25 été
4321 2317 56 25 très
4402 2315 152 29 brUlantes,
4578 2321 108 20 comme
4710 2316 28 25 Je
4762 2320 46 20 se-

3926 2352 63 24 ront
4004 2351 86 25 celles
4109 2351 39 24 du
4169 2351 38 23 1er
4226 2351 117 31 janivier.

3993 2396 157 27 -̃̃̃–
4182 2396 251 27 IBTiïiBB
4465 2396 32 27 J
4593 2396 32 27 i
4657 2396 32 27 i
4721 2396 94 27 SSi

4056 2452 230 39 AVIS
4328 2451 354 39 DIVERS

3958 2540 53 28 LE
4028 2540 181 28 JOURNAL
4236 2546 215 27 commencera
4467 2538 134 31 .demain
4621 2537 42 29 1«
4684 2538 126 36 janvier

3924 2574 32 34 la
3968 2574 191 37 publication
4173 2573 55 28 des

3958 2627 269 59 LETTRES.
4249 2627 530 62 CONFIDENTIELLES

4352 2707 38 20 DE

3953 2751 355 73 -'GUILLAUME.
4338 2751 30 73 U
4398 2753 43 57 A
4466 2748 254 63 -NICOLAS,
4746 2752 40 59 n

4208 2832 319 41 (~8~s~s

3961 2888 52 26 LE
4029 2886 181 37 JOURNAL
4234 2885 75 28 s'est
4330 2886 122 33 assuré,
4477 2893 78 28 pour
4573 2885 32 28 la
4628 2879 128 40 France,
4782 2885 31 28 le

3928 2920 82 30 droit
4046 2920 133 29 exclusif
4213 2920 37 28 de
4278 2919 123 37 publier
4430 2919 86 29 'cette
4546 2920 268 36 correspondance

3928 2956 127 33 inédite,
4070 2955 41 28 où
4134 2963 33 20 se
4189 2954 143 29 révèlent
4352 2956 87 27 toute
4460 2954 32 30 la
4510 2956 115 35 pensée
4646 2955 110 27 intime
4784 2956 31 26 et

3928 2991 86 28 toute
4026 2990 32 28 la
4070 2990 150 37 politique
4233 2988 197 38 personnelle
4449 2989 37 28 de
4508 2989 175 29 Guillaume
4698 2990 26 27 II
4742 2997 72 29 pen-

3930 3027 76 27 dant
4014 3024 50 29 les
4074 3025 93 35 vingt
4181 3024 116 28 années
4312 3024 40 28 où
4365 3024 29 28 il
4409 3024 15 28 a
4434 3025 131 36 préparé
4578 3025 31 36 la
4622 3032 124 28 guerre.

3937 3093 332 65 O.TEL
4345 3092 463 66 IMPERIAL

4154 3172 433 40 3^E3STlI'O3Sr

4036 3236 109 36 Entre
4168 3238 151 34 Menton
4346 3244 40 28 et
4410 3238 36 34 le
4473 3250 69 28 cap
4572 3238 136 34 Martin

4037 3280 36 35 A
4118 3279 194 42 proximité
4360 3281 47 35 de
4457 3280 250 35 Monte-Carlo

3932 3337 61 26 300
4004 3337 161 26 Chambres
4270 3331 108 32 Salons
4482 3337 60 25 ISO
4557 3336 104 27 Salles'
4668 3337 39 26 de
4721 3337 95 26 Bains

4198 3377 149 25 TENNIS
4464 3377 86 25 GOLF

3930 3420 93 26 Même
4030 3420 213 27 administrât11
4244 3419 109 40 -.IJÔtels
4362 3420 138 31 Eoyalet
4510 3420 173 31 Splendide,
4698 3420 119 27 d'Evian

4025 3464 570 75 QUE"FAIRE
4636 3487 78 52 S!

3933 3547 62 55 les
4016 3547 103 55 foies
4130 3561 111 56 gras
4269 3561 139 56 rares
4418 3563 87 38 sont
4516 3554 111 64 trop
4636 3547 180 56 chers?

3965 3622 44 28 La
4031 3628 109 29 presse
4162 3629 22 19 a
4197 3621 140 28 annoncé
4352 3629 59 28 que
4436 3620 47 28 les
4506 3617 80 31 foies
4609 3629 76 27 gras
4698 3621 117 29 étaient

3930 3663 92 21 rares
4036 3658 33 26 et
4082 3656 98 28 chers
4194 3657 32 26 et
4240 3663 58 28 que
4321 3656 29 27 le
4364 3656 70 35 prix
4448 3656 56 27 des
4522 3656 96 40 pâtés
4638 3658 177 26 renommés

3930 3698 59 29 que
4002 3691 132 37 préparé
4146 3691 30 27 le
4190 3690 150 36 Périgord
4359 3690 38 36 en
4410 3689 136 29 subirait
4566 3690 46 29 les
4627 3690 190 37 conséquen-

3932 3734 61 19 ces.
4008 3725 95 28 Aussi
4128 3725 15 34 y
4158 3725 89 34 a-t-il
4262 3733 39 20 eu
4314 3725 84 28 émoi
4410 3725 73 28 chez
4506 3727 74 26 tous
4596 3733 69 21 ceux
4732 3727 32 27 et
4777 3726 39 28 ils

3932 3761 72 27 sont
4026 3759 179 29 nombreux
4261 3760 53 36 qui
4329 3760 138 28 désirent
4490 3768 34 19 se
4538 3760 125 35 régaler
4678 3754 74 35 sans
4764 3760 50 29 dé-

3930 3799 100 31 pense
4050 3795 176 33 excessive;
4241 3803 43 19 un
4306 3795 72 28 avis
4400 3802 78 29 para
4497 3794 79 28 dans
4601 3795 55 35 les
4675 3795 145 35 journaux

3930 3830 48 28 les
3990 3834 22 24 à
4025 3829 74 29 bien
4110 3830 66 28 vite
4189 3830 157 28 rassurés.

3966 3865 66 33 Que
4048 3872 77 21 ceux
4149 3864 152 37 auxquels
4316 3865 48 28 cet
4386 3865 70 27 avis
4482 3864 110 39 aurait
4611 3864 129 39 échappé
4762 3874 56 20 no-

3933 3900 67 27 tent
4009 3908 69 27 que,
4088 3901 19 26 à
4122 3899 107 28 défaut
4242 3899 54 34 des
4314 3899 90 34 pâtés
4417 3906 37 19 ou
4473 3906 127 19 ramisse
4608 3899 37 26 d«
4658 3900 62 27 foie
4730 3908 85 27 gras,

3930 3933 40 24 ils
3984 3933 237 34 peavcnijïïvoiÊ
4234 3931 69 34 -ane
4321 3931 190 34 préparation
4529 3931 35 34 4o
4574 3931 116 27 finesse
4701 3933 107 26 incom
4810 3937 12 20 t

3930 3964 129 37 parable
4074 3960 118 32 et^d'ùn
4214 3961 69 39 prix
4302 3964 66 27 très
4394 3962 169 29 abordable
4578 3972 40 20 en
4644 3965 173 30 réclamant

3924 4004 62 32 ,de
4005 4003 84 28 leurs
4126 4004 212 27 fournisseurs
4370 4001 32 30 la
4430 4002 167 32 délicieuse
4624 4005 22 23 «
4671 4001 147 32 CRÈME

3933 4043 237 28 SANDWICH
4180 4036 195 35 TRUFFÉE
4384 4043 181 35 ^préparée
4574 4050 58 28 par
4642 4044 175 28 AMIEUX

3930 4078 164 32 FKÊEES
4107 4081 80 28 dans
4214 4081 68 29 leur
4293 4081 92 28 usine
4401 4081 41 28 du
4465 4081 161 36 Périgord,
4642 4083 33 27 et
4689 4081 74 29 dont
4785 4082 33 30 la

3930 4116 118 37 qualité
4062 4116 118 36 justifie
4192 4116 33 28 la
4237 4116 107 28 devise
4364 4126 15 14 «
4393 4116 161 35 Toujours
4568 4119 31 24 A
4618 4117 123 28 Mieux.
4758 4128 14 14 »

3962 4152 98 27 Toute
4073 4151 123 28 maison
4210 4151 256 33 d'alimentation,
4481 4151 26 27 si
4522 4150 58 28 elle
4594 4159 40 20 ne
4649 4151 41 27 l'a
4702 4159 58 29 pas
4774 4160 41 20 en

3930 4186 154 36 magasin,
4096 4185 33 32 la
4142 4186 70 28 fera
4222 4185 103 34 venir,
4343 4185 35 34 au
4386 4185 118 35 besoin,
4516 4193 59 30 par
4582 4186 116 35 grande
4712 4187 103 28 vitesse

3930 4220 34 37 ou
3981 4220 50 37 par
4048 4220 84 37 colis
4148 4220 114 37 postal.

4000 4296 146 120 HiOL
4172 4312 565 106 MÂJESTIC-HOTEL

3972 4327 802 91 H!EE.MAJES!!E-H8TEL

3926 4418 16 41 1
3997 4430 40 28 Le
4050 4430 72 37 plus
4134 4430 53 28 bel
4200 4429 85 29 hôtel
4298 4430 43 29 du
4356 4430 119 29 littoral
4552 4430 105 29 Grand
4668 4439 75 29 parc
4801 4418 16 58 |

3953 4484 14 28 |
3981 4484 55 28 Auto
4045 4483 138 36 gratuite
4192 4482 38 28 de
4238 4482 106 28 l'hôtel
4354 4491 42 20 au
4406 4483 104 28 Casino
4553 4482 113 29 Adm;H.
4678 4483 110 28 BMEET
4800 4466 17 60 1

3962 4580 43 27 Le
4025 4579 18 28 2
4069 4579 126 35 janvier
4213 4579 86 27 étant
4321 4579 159 28 considéré
4505 4580 105 34 comme
4631 4580 84 34 jour
4726 4580 86 34 férié,

3928 4614 47 28 les
3994 4614 116 27 tickets
4134 4614 143 35 d'entrée
4295 4614 72 35 pour
4384 4614 29 27 le
4432 4614 100 36 Dépôt
4559 4614 38 28 de
4624 4613 187 36 liquidation

3929 4649 54 28 des
4013 4648 106 29 stocks
4138 4648 188 28 américains
4354 4646 254 32 d'Aubervilliers
4642 4648 171 29 distribués

3929 4691 77 29 pour
4017 4682 126 29 l'entrée
4158 4683 41 27 du
4213 4683 18 27 2
4242 4683 126 36 janvier
4382 4685 106 26 seront
4501 4682 145 29 valables
4661 4683 29 28 le
4704 4683 26 35 3.

3932 4726 75 38 :TT,-
4088 4732 563 21 .n.

3966 4872 25 30 •
4016 4872 339 30 l'illustration
4373 4882 14 18 »
4410 4865 366 36 d'apkès-gueere

4081 4924 39 21 ET
4134 4924 55 21 SES
4210 4918 228 28 SUPPLÉMENTS
4456 4924 41 21 DE
4510 4917 147 30 THEATRE

3970 5001 100 36 Après
4085 5008 44 21 un
4142 5000 140 30 luxueux
4294 5001 136 28 Numéro
4448 5003 37 27 de
4501 5001 84 30 Noël,
4602 5001 91 33 digne
4708 5000 41 28 de
4761 5006 52 21 ses

3932 5035 178 29 devanciers
4150 5035 262 36 d'aVant-guerre,
4453 5035 231 28 L'Illustration
4704 5034 107 35 publie

3929 5070 81 32 ceWce
4026 5070 137 28 semaine
4182 5070 222 32 l'Héroaienne,
4421 5077 58 28 par
4498 5070 107 28 AlbeTt
4621 5070 43 28 du
4680 5066 82 35 Bais,
4779 5066 33 35 le

3932 5107 95 33 grand
4050 5105 107 29 succès
4180 5106 38 28 de
4241 5107 31 27 la
4296 5103 334 35 Comédie-Française.
4652 5104 68 29 Elle
4745 5104 67 27 fera

3930 5139 148 35 paraître,
4095 5139 33 35 le
4150 5140 34 26 l'O
4202 5139 149 34 janvier,
4370 5139 56 34 Mon
4442 5139 79 30 Père
4537 5139 85 27 avait
4638 5138 115 31 raison,
4773 5139 39 28 de

3930 5174 99 28 Sacha
4046 5174 121 35 Ouitry.
4189 5174 73 34 Puis
4282 5174 160 29 viandront
4498 5174 95 26 t'Ame
4613 5181 38 20 en
4670 5172 87 35 folie,
4773 5173 39 28 de

3929 5208 153 35 Krançois
4102 5208 39 35 de
4166 5209 104 33 Cureil;
4298 5209 39 29 la
4357 5209 117 29 Maison
4500 5208 127 32 cernée,
4646 5208 37 32 de
4702 5208 108 27 Pierre

3929 5243 165 33 Frondaie;
4116 5245 29 28 la
4164 5244 115 30 Chasse
4301 5244 19 27 à
4340 5244 156 31 l'hommei
4515 5244 39 28 de
4571 5242 137 28 Maurice
4729 5242 82 28 Don-

3929 5284 44 27 nay
4025 5280 44 25 les
4090 5276 192 30 Américains
4304 5277 73 30 chez
4398 5285 88 23 nous,
4506 5278 40 27 de
4565 5276 129 33 Brieux;
4712 5277 99 33 Roger

3928 5311 178 34 Bontemps,
4128 5310 133 29 d'André
4286 5309 131 33 Rivoire,
4444 5311 65 32 etc.,
4534 5311 57 28 etc.

3930 5456 96 30 héros
4046 5455 64 29 fait
4125 5455 35 29 la
4176 5454 244 31 connaissance
4438 5454 42 31 de
4498 5454 170 39 plusieurs
4701 5455 110 30 autres

3930 5495 120 36 jeunes
4065 5493 102 37 filles,
4182 5501 85 30 pour
4302 5493 178 38 lesquelles
4500 5494 24 29 il
4540 5493 155 41 s'éprend
4712 5493 98 30 d'une

3930 5534 86 29 sorte
4034 5532 151 32 d'amour
4203 5532 132 37 indivis,
4354 5540 130 22 comme
4501 5532 87 30 dans
4605 5531 49 31 les
4677 5532 133 38 Vierges

3930 5580 66 22 aux
4010 5571 144 37 rochers,
4170 5571 42 30 né
4228 5571 155 30 finissant
4397 5580 64 30 par
4481 5579 34 22 se
4536 5569 87 31 fixer
4638 5570 97 31 enfin
4753 5579 58 22 sur

3930 5611 88 30 l'une
4036 5611 124 30 d'entre
4181 5610 92 36 elles,
4290 5610 180 37 Albertine,
4489 5618 63 30 que
4568 5618 86 29 pour
4672 5610 66 29 être
4756 5618 54 21 as-

3930 5658 54 21 sez
4001 5649 64 30 vite
4085 5650 82 36 déçu
4186 5650 32 29 et
4234 5649 153 30 rabroué.
4407 5649 39 30 Et
4462 5650 31 29 le
4516 5649 82 31 récit
4614 5657 35 21 se
4666 5648 144 31 termine

3930 5688 254 37 normalement,
4202 5695 81 26 sans
4301 5688 154 37 intrigue,
4474 5686 178 40 péripéties
4670 5688 34 30 ni
4722 5695 86 29 coup

3930 5728 39 30 de
3986 5727 135 37 théâtre,
4138 5735 63 31 par
4214 5727 38 30 la
4270 5727 128 31 rentrée
4417 5727 21 30 à
4454 5726 106 31 Paris.

3966 5770 140 37 Ajoutez
4133 5770 21 30 à
4174 5777 39 22 oe
4237 5769 149 30 scénario
4430 5768 28 31 si
4502 5768 122 38 simple
4646 5777 46 22 un
4716 5777 93 22 assez

3929 5810 105 37 grand
4057 5809 140 30 nombre
4238 5808 39 30 de
4317 5816 229 30 personnages
4588 5807 222 39 épisodiques,

3929 5848 88 30 toute
4034 5857 65 21 une
4118 5847 125 38 galerie
4260 5847 41 30 de
4322 5847 155 37 portraits
4498 5847 137 30 curieux
4653 5847 30 30 et
4700 5847 109 30 diver-

3928 5887 147 38 tissant?,
4097 5887 108 30 tracés
4229 5887 38 29 de
4292 5886 91 30 main
4426 5885 40 30 de
4510 5885 128 30 maître.
4661 5884 84 31 Rien
4769 5885 40 29 de

3928 5926 76 39 plus
4022 5926 148 37 plaisant
4186 5934 62 29 que
4264 5925 32 29 la
4309 5933 168 30 personne
4490 5925 32 29 et
4536 5924 51 30 les
4602 5924 150 30 discours
4768 5924 41 30 de

3928 5965 43 30 M.
3993 5965 38 29 de
4046 5965 153 38 Norpois,
4217 5964 179 37 diplomate
4410 5963 122 38 rempli
4550 5964 39 29 de
4606 5971 60 22 son
4682 5964 126 38 impor-

3928 6005 95 29 tance
4042 6003 31 30 et
4092 6004 79 30 dont
4188 6003 236 29 l'intarissable
4462 6002 231 38 phraséologie
4732 6010 76 29 pro-

3928 6043 217 30 fessionnelle
4161 6043 51 29 est
4229 6042 124 30 rendue
4370 6042 195 35 irrésistible
4582 6049 61 30 par
4658 6041 31 29 le
4705 6041 105 29 talent

3926 6081 184 39 parodique
4133 6082 38 29 de
4192 6081 44 30 M.
4256 6081 124 29 Marcel
4400 6080 128 30 Proust.
4548 6079 139 30 Celui-ci
4706 6088 21 21 a
4745 6088 63 29 pu-

3926 6120 67 31 blié
4016 6120 127 38 d'autre
4162 6120 73 38 part
4249 6120 59 29 des
4324 6119 172 30 Pastiches
4516 6119 57 37 qui
4610 6119 112 30 valent
4758 6119 49 29 les

3926 6159 148 31 célèbres
4094 6159 26 30 A
4144 6158 32 31 la
4197 6158 151 31 manière
4369 6159 78 36 de.
4466 6159 41 29 de
4529 6158 136 30 Charles
4685 6157 123 30 Muller

3926 6199 31 30 et
3974 6198 85 30 Paul
4078 6197 144 32 Reboux.
4242 6197 61 30 Ces
4321 6196 172 32 Pastiches
4516 6197 192 38 présentent
4726 6195 81 31 cette

3926 6237 228 39 particularité
4166 6237 41 30 de
4221 6237 149 29 montrer
4384 6236 168 30 comment
4564 6244 46 22 un
4625 6235 110 30 même
4753 6243 56 22 su-

3925 6277 49 37 jet
4054 6283 67 24 une
4143 6276 117 30 affaire
4284 6275 39 30 de
4346 6276 82 29 faux
4449 6275 180 30 diamants
4700 6273 109 31 aurait

3926 6324 45 29 pu
3992 6316 66 30 être
4074 6315 94 30 traité
4185 6323 62 30 par
4262 6315 60 30 des
4340 6314 163 31 écrivains
4526 6314 90 30 aussi
4634 6311 175 33 différents

3928 6363 62 29 que
4016 6354 127 37 Balzac,
4170 6354 165 35 Flaubert,
4362 6353 252 36 Sainte-Beuve,
4640 6352 102 30 Henri
4768 6352 39 29 de

3926 6393 153 37 Régnier,
4097 6392 47 31 les
4162 6392 176 36 Goncourt,
4356 6391 164 37 Michelet,
4538 6392 135 37 Faguet,
4690 6391 116 29 Renan

3926 6433 32 29 et
3974 6430 243 39 Saint-Simon,
4234 6432 82 29 dont
4333 6431 48 30 les
4402 6430 199 31 différences
4618 6438 44 21 ne
4681 6430 125 30 s'accu-

3926 6472 74 29 sent
4020 6470 126 37 jamais
4166 6471 79 38 plus
4272 6469 179 33 fortement
4492 6477 63 31 que
4590 6469 93 30 dans
4725 6469 80 30 cette

3926 6510 117 37 espèce
4062 6509 39 30 de
4116 6518 162 23 concours
4296 6517 59 22 sur
4369 6517 47 22 un
4433 6509 84 30 texte
4534 6507 120 31 donné.
4672 6508 39 30 Ce
4731 6508 77 30 sont

3926 6556 119 24 encore
4063 6548 42 37 là,
4126 6557 61 30 par
4204 6558 46 22 un
4269 6548 125 36 détour,
4433 6548 56 29 des
4526 6546 157 39 portraits
4721 6546 85 30 litté-

3926 6586 127 37 raires,
4072 6586 91 37 d'une
4186 6586 150 39 justesse
4355 6586 188 39 ad'mirs.Me
4565 6586 87 30 dans
4673 6585 34 32 la
4727 6585 79 39 plus

3926 6627 177 29 amusante
4121 6627 209 37 espièglerie;:
4457 6640 28 23 ̃

3966 6669 87 30 Pour
4072 6669 130 30 revenir
4222 6670 20 29 à
4261 6668 146 31 YOmbre
4446 6668 59 30 des
4542 6667 122 38 jeunes
4704 6667 12 39 ̃
4728 6667 80 39 filles,

3927 6708 84 30 voici
4026 6708 32 30 le
4072 6708 104 30 baron
4192 6708 39 30 de
4247 6708 150 37 Charlus,
4413 6706 106 31 entêté
4534 6706 39 30 de
4590 6715 40 21 sa
4642 6707 164 35 noblesse,

3926 6746 168 32 d'ailleurs
4114 6747 67 30 très
4202 6747 164 31 ancienne
4385 6747 34 30 et
4440 6744 225 40 authentique,
4685 6745 57 39 qui
4764 6753 42 22 ne

3925 6786 101 30 laisse
4046 6794 61 30 pas
4128 6786 179 37 d'inspirer
4326 6785 20 30 à
4364 6785 46 30 M.
4431 6784 119 30 Proust
4568 6793 66 23 une
4660 6784 146 31 sérieuse

3925 6825 255 32 considération.
4200 6825 28 29 Il
4248 6825 35 29 la
4304 6825 121 29 motive
4466 6832 62 29 par
4568 6832 38 22 sa
4650 6822 156 32 curiosité

3926 6864 57 30 des
4022 6864 95 37 types
4156 6863 186 38 originaux,
4364 6863 29 30 et
4412 6862 24 30 il
4453 6862 35 30 la
4506 6862 68 31 met
4596 6862 20 31 à
4634 6870 60 24 son
4714 6863 92 38 plan,

3925 6903 148 38 lorsqu'il
4113 6903 149 30 s'étonne
4310 6902 67 30 très
4430 6901 223 31 sincèrement
4705 6901 101 37 qu'un

3925 6943 133 29 homme
4074 6942 42 30 de
4130 6941 108 38 génie,
4252 6949 130 22 comme
4396 6941 152 30 l'illustre
4564 6940 147 30 écrivain
4726 6940 80 30 Ber-

3925 6982 95 36 gotte,
4038 6981 95 37 placé
4146 6989 67 29 par
4233 6988 35 22 ce
4282 6981 68 29 don
4368 6979 94 30 divin
4481 6979 180 32 au-dessus
4678 6979 42 29 de
4738 6978 69 30 tout

3922 7020 32 30 et
3966 7020 44 30 de
4025 7021 84 36 tous,
4125 7028 42 21 ne
4181 7019 102 30 laisse
4300 7027 62 30 pas
4378 7019 100 29 d'être
4494 7027 47 21 un
4557 7026 65 30 peu
4638 7017 167 38 vulgaire-

3924 7060 91 28 ment
4036 7059 184 30 ambitieux
4242 7059 32 29 et
4294 7058 160 29 arriviste.
4476 7056 51 31 On
4548 7057 150 37 pourrait
4716 7057 89 29 trou-

3922 7106 58 21 ver
3996 7106 63 30 que
4080 7098 44 29 M.
4140 7098 121 29 Proust
4277 7092 129 35 attache
4422 7097 73 37 trop
4512 7096 43 29 de
4570 7096 77 37 prix
4666 7103 64 22 aux
4746 7103 59 21 va-

3922 7136 87 30 nités
4026 7136 152 36 sociales,
4194 7136 55 29 s'il
4266 7135 202 38 n'apportait
4483 7135 179 30 lui-même
4680 7142 35 22 ce
4734 7142 71 22 cor-

3922 7175 99 30 rectif
4044 7175 39 30 de
4106 7175 76 30 n'en
4210 7175 66 29 être
4297 7182 64 30 pas
4382 7175 100 37 dupe,
4526 7174 39 29 de
4608 7174 49 36 s'y
4698 7173 107 39 plaire

3922 7222 131 22 comme
4074 7214 21 30 à
4114 7223 47 21 un
4182 7213 176 39 spectacle,
4384 7214 40 29 de
4442 7213 67 30 très
4530 7213 78 29 bien
4650 7212 70 30 voir
4742 7219 63 30 que

3920 7253 183 37 l'élégance
4117 7253 80 30 d'un
4212 7252 117 31 milieu.
4346 7252 51 31 est
4411 7251 139 31 souvent
4565 7260 41 22 en
4621 7252 114 29 raison
4752 7251 53 29 in-

3922 7300 93 22 verse
4034 7292 41 30 de
4100 7300 60 22 son
4201 7291 120 31 niveau
4362 7291 162 38 spirituel,
4546 7291 30 29 et
4596 7291 39 30 de
4656 7290 150 39 préférer

3922 7331 195 30 hautement
4154 7339 46 22 un
4226 7331 105 37 grand
4372 7330 113 30 artiste
4506 7329 20 31 à
4545 7338 45 22 un
4612 7329 106 38 grand
4740 7328 65 30 sei-

3922 7378 107 29 gneur
4042 7378 43 22 ou
4102 7370 21 30 à
4138 7378 46 22 un
4201 7370 237 30 millionnaire.
4456 7369 89 30 Ceux
4561 7369 56 38 qui
4634 7368 80 30 l'ont
4730 7366 75 31 taxé

3918 7409 42 30 de
3978 7409 171 31 snobisme
4166 7417 43 21 ne
4228 7409 81 29 l'ont
4322 7417 63 29 pas
4401 7408 78 30 bien
4494 7408 158 38 compris.

3958 7452 95 30 Voici
4085 7460 46 21 un
4164 7452 92 29 autre
4288 7451 201 36 aristocrate,
4520 7449 31 31 le
4581 7450 152 37 marquis
4766 7449 40 30 de

3920 7491 216 37 Saint-Loup,
4178 7491 87 30 mais
4308 7489 211 37 intellectuel,
4562 7488 243 39 proudhonien,

3922 7530 92 30 aussi
4032 7529 125 30 avancé
4176 7538 63 29 que
4258 7529 140 29 Charlus
4414 7528 80 38 peut
4510 7528 145 38 paraître
4678 7527 127 30 fossile.

3918 7569 40 30 Et
3974 7569 36 29 la
4028 7568 171 37 princesse
4220 7569 40 29 de
4278 7567 245 38 Luxembourg,
4543 7567 121 30 altesse
4682 7566 124 38 royale,

3918 7607 81 30 dont
4021 7606 196 31 l'amabilité
4240 7614 85 30 pour
4348 7606 49 30 les
4421 7613 185 31 personnes
4632 7606 40 29 de
4696 7606 109 29 moin-

3918 7645 58 34 dre
3996 7646 181 31 naissance
4197 7647 51 29 est
4268 7645 242 33 extrêmement
4529 7643 168 34 attentive,
4717 7643 88 32 mais

4985 393 301 34 NFORMATMDNS
5324 391 274 36 FfNANCrÈRES

4920 485 101 29 Voici
5029 485 92 28 l'avis
5136 486 37 28 de
5186 489 185 34 répartition
5390 489 54 28 des
5466 489 122 31 actions
5600 493 129 29 nouvel-

4843 520 48 28 les
4905 520 42 28 du
4961 520 104 29 Crédit
5077 520 119 29 foncier
5205 522 18 36 d
5241 522 120 36 Algérie
5370 525 32 26 et
5415 524 40 28 de
5468 525 111 30 Tunièie

4879 566 15 13 «
4908 555 59 27 Les
4980 555 222 36 souscriptions
5217 557 217 29 irréductibles
5450 559 88 28 étant
5553 562 123 29 servies
5687 563 45 29 in-

4842 589 221 36 tégralement,
5085 590 33 28 la
5142 592 192 35 répartition
5352 592 53 35 des
5434 596 227 36 souscriptions
5686 599 47 29 ré-

4846 624 151 28 ductibles
5012 626 49 27 est
5073 625 79 28 fixée
5164 634 121 21 comme
5300 628 54 27 suit

4878 670 16 14 »
4909 659 30 27 1°
4954 660 230 35 Souscriptions
5205 660 189 31 réductibles
5417 664 168 30 eflectuées
5605 674 58 27 par
5677 667 55 29 des

4844 694 183 28 actionnaires
5073 695 46 28 les
5132 696 224 37 souscriptions
5369 695 38 31 de
5421 698 20 26 i
5449 699 21 27 à
5481 700 34 26 13
5526 700 124 29 actions
5660 705 74 25 sont

4844 729 244 35 intégralement
5114 730 136 33 servies;
5278 730 48 29 les
5354 731 228 39 souscriptions
5605 734 38 30 de
5664 736 36 28 14
5712 738 22 29 à.

4844 763 53 36 100
4915 763 123 36 actions
5056 763 158 36 reçoivent
5232 763 36 36 14
5286 767 140 33 actions;
5442 767 47 28 les
5504 770 229 36 souscriptions

4845 798 167 29 au-dessus
5026 798 34 31 de
5077 798 51 31 100
5145 798 117 31 actions
5278 801 162 35 reçoivent
5466 803 36 36 14
5520 803 54 36 0/0
5600 804 55 29 des
5681 805 71 31 de-

4844 833 141 34 mandes,
5001 834 47 27 les
5062 835 149 29 tractions
5228 835 116 29 n'étant
5358 844 57 29 pas
5430 838 109 32 servies

4878 878 16 14 »
4908 869 30 26 2°
4954 869 229 37 Souscriptions
5202 870 191 29 réductibles
5414 872 169 29 eflectuées
5604 882 60 27 par
5677 875 56 31 des

4845 909 172 28 personnes
5026 912 61 20 non
5098 904 185 30 actionnaires
5330 906 48 29 les
5392 907 223 36 souscriptions
5633 907 35 36 de
5686 907 18 36 1
5722 907 18 36 à

4845 937 80 33 5,000
4938 938 121 28 actions
5073 939 162 35 reçoivent
5244 948 61 22 une
5320 940 113 31 action,
5454 952 15 15 »

4922 986 65 28 Les
4998 986 176 29 conditions
5189 986 37 30 de
5238 987 173 30 l'émission
5430 990 42 28 du
5494 991 107 29 Crédit,
5614 992 120 29 foncier

4846 1029 39 19 en
4896 1022 55 26 ont
4965 1021 49 27 été
5032 1022 140 28 arrêtées
5193 1022 250 29 définitivement
5462 1025 79 27 hier.
5561 1024 134 32 Montant

4845 1056 15 26 1
4874 1055 141 29 milliard
5025 1056 38 33 de
5077 1056 106 28 francs
5204 1065 39 19 en
5264 1057 19 28 2
5294 1057 141 29 millions
5450 1058 223 36 d'obligations
5696 1061 38 29 de

4844 1089 52 28 500
4907 1089 117 29 francs.
5040 1091 108 27 Intérêt
5194 1092 17 27 5
5225 1092 53 34 1/2
5289 1091 61 36 0/0,
5380 1101 76 20 sous
5484 1093 167 31 déduction
5678 1096 56 28 des

4842 1125 129 36 impôts.
4993 1125 75 28 Prix
5082 1125 170 29 d'émission
5305 1126 52 28 497
5370 1127 39 28 fr.
5422 1128 44 28 50.
5490 1130 60 28 Sur
5568 1128 47 29 les
5634 1131 18 27 2
5662 1131 72 29 mil-

4844 1159 81 28 lions
4950 1159 233 37 d'obligations,
5210 1161 125 34 800,000,
5362 1164 223 35 représentant
5610 1164 47 29 les
5682 1166 52 27 400

4845 1194 137 28 millions
4997 1194 37 30 de
5049 1194 167 38 l'emprunt
5238 1196 38 27 de
5298 1195 34 30 la
5344 1196 82 29 ville
5443 1196 33 29 dé
5498 1198 103 33 Paris,
5626 1203 109 25 seront

4846 1229 115 28 émises
4974 1229 208 28 entièrement
5206 1229 150 35 libérées;
5381 1231 46 29 les
5453 1230 146 36 1,200,000
5626 1236 107 27 autres

4846 1265 107 27 seront
4982 1260 134 33 libérées
5148 1273 57 27 par
5249 1265 170 28 échéances.
5448 1267 44 29 La
5523 1269 211 37 souscription

4846 1307 78 21 aura
4934 1298 65 32 lieu
5022 1298 30 28 le
5074 1299 35 27 22
5118 1299 136 35 janvier.
5281 1300 30 35 Il
5326 1300 15 35 y
5353 1307 78 22 aura
5456 1301 18 39 6
5492 1301 120 39 tirages
5630 1301 52 39 par
5690 1312 44 21 an

4846 1335 196 33 comportant
5066 1334 160 28 ensemble
5254 1342 46 20 un
5321 1334 49 28 lot
5394 1335 38 33 de
5445 1336 15 26 1
5478 1335 130 36 million,
5638 1346 44 22 un
5694 1339 40 29 de

4846 1368 114 34 500,000
4974 1368 105 28 francs
5094 1370 33 26 et
5138 1369 109 35 quatre
5262 1369 37 27 de
5314 1369 117 34 200,000
5441 1370 118 29 francs.

4928 1416 182 28 L'émission
5124 1417 55 27 des
5189 1416 98 34 80,000
5294 1418 123 30 actions
5435 1418 158 30 nouvelles
5606 1420 44 31 du
5664 1422 68 29 Cré-

4847 1451 45 28 dit
4906 1450 196 28 commercial
5118 1451 39 28 de
5170 1452 118 27 France
5298 1451 120 29 devant
5432 1455 104 34 porter
5554 1455 52 34 son
5620 1456 115 35 capital

4846 1485 47 28 de-
4904 1486 35 27 80
4952 1485 136 28 millions
5104 1487 19 26 à
5134 1485 52 28 120
5198 1486 141 28 millions
5353 1495 21 20 a
5388 1488 49 27 été
5454 1488 133 29 réalisée
5602 1498 78 21 avec
5690 1500 46 20 un

4845 1519 84 36 plein
4956 1522 117 26 succès.
5088 1521 44 27 La
5150 1521 187 36 répartition,
5358 1530 63 20 aux
5439 1524 227 37 souscriptions
5685 1527 49 27 ré-

4846 1554 153 29 ductibles
5018 1564 41 19 ne
5080 1563 116 27 pourra
5214 1555 66 28 être
5298 1556 78 28 faite
5390 1558 73 35 qu'à
5482 1558 107 29 raison
5605 1560 37 28 de
5658 1560 16 35 1
5690 1560 46 35 0/0
5717 1561 17 27 0

4846 1590 55 28 des
4914 1590 122 28 actions
5054 1589 170 31 anciennes
5238 1589 166 37 possédées
5423 1589 37 37 et
5472 1593 39 28 de
5524 1594 16 32 1
5556 1594 47 32 0/0
5615 1595 57 28 des
5685 1603 50 20 ac-

4845 1624 84 28 tions
4954 1626 169 27 souscrites
5146 1633 78 20 avec
5250 1624 168 30 minimum
5444 1627 90 29 d'une
5560 1629 105 29 action
5678 1638 57 27 par

4846 1660 208 36 souscription
5065 1659 213 29 individuelle.
5612 1659 26 32 [̃;

4932 1708 28 26 A
4978 1707 136 35 Genève,
5142 1708 53 27 100
5206 1707 107 30 francs
5338 1708 140 35 français
5504 1710 105 28 cotent
5630 1711 102 36 5220;

4846 1742 51 29 100
4920 1742 119 34 marks,
5062 1742 32 27 11
5110 1742 54 34 40;
5186 1743 52 28 100
5266 1750 174 21 couronnes
5461 1744 274 37 austro-honsrroî-

4848 1784 61 26 ses,
4923 1777 14 34 4
4951 1777 27 34 10
5016 1777 53 27 100
5085 1776 67 34 lire,
5167 1777 33 33 42
5217 1777 49 33 05;
5282 1777 52 27 100
5352 1778 137 33 roubles,
5507 1778 35 33 10
5558 1790 44 17 »».

4954 1873 279 38 NOUVELLES
5266 1872 371 41 COMMERCIALES*

4876 1973 145 25 GRAINS.
5073 1974 16 30 N
5105 1974 142 30 ow-Ylork,
5259 1975 32 25 30
5305 1975 75 26 dec.:
5394 1976 53 25 Blé
5463 1982 78 20 roux
5551 1977 117 30 d'hiver
5685 1977 51 30 dur

4849 2007 78 31 disp.
4943 2007 47 31 237
5006 2007 63 31 1/2.

4878 2047 137 31 Chicago.
5032 2048 32 25 30
5078 2049 61 25 déc.
5209 2049 77 27 Maïs
5308 2049 64 26 déc.
5394 2045 41 36 142
5449 2045 55 36 3/8;
5522 2049 83 33 Janv.
5618 2052 47 26 134
5678 2053 56 31 3/8;

4849 2083 58 26 mai
4922 2082 42 32 132
4978 2082 55 32 3/4;
5048 2083 65 31 juil.
5130 2082 44 27 131
5190 2085 57 28 »/».

4880 2125 127 31 CAFÉS.
5062 2132 170 29 New-York,
5248 2132 31 25 30
5296 2131 55 27 déc.
5398 2132 73 33 dïep.
5486 2132 44 33 15;
5549 2135 81 32 Janv.
5645 2135 37 31 il*
5694 2136 40 30 60;

4848 2172 79 20 mars
4940 2168 29 23 15
4981 2166 39 30 03;
5034 2167 60 24 mai
5106 2167 30 25 15
5150 2167 38 24 2S.

4878 2207 127 33 CAFÉS.
5060 2215 38 24 Le
5108 2215 106 29 Havre,
5225 2215 31 25 30
5272 2214 72 26 déc:
5360 2216 61 24 dée:
5433 2216 50 25 229
5496 2218 44 30 »»•
5555 2218 74 30 janv.
5641 2219 44 24 226
5696 2228 39 20 »»;

4850 2249 58 25 fév.
4934 2249 45 25 223
4993 2250 39 28 50;
5053 2254 80 20 mars
5150 2249 43 30 223
5208 2249 43 30 50;
5272 2250 74 25 avril
5362 2251 48 23 219
5424 2251 50 29 »»;
5491 2251 50 29 mai
5558 2252 47 26 216
5620 2260 36 22 »»;
5669 2254 67 31 juin

4849 2284 47 25 212
4910 2283 118 32 7S*^uil.
5044 2284 44 24 210
5102 2285 38 28 7b;
5165 2283 69 26 août
5246 2285 47 24 207
5305 2285 40 29 75;
5370 2286 73 31 sept.
5457 2286 46 25 206
5517 2288 38 25 75;
5566 2287 56 25 oct.
5634 2288 48 24 205
5694 2289 41 29 75;

4846 2324 68 20 nov:
4932 2320 45 24 205
4990 2319 39 24 75.

4882 2367 152 25 COTONS.
5098 2368 174 26 New-York,
5297 2368 39 27 30.
5349 2368 51 27 déc.
5446 2369 86 33 janv.
5550 2369 86 33 38»»;
5656 2377 79 20 mars

4848 2401 27 30 35
4889 2401 40 30 68;
4946 2398 61 29 mai
5021 2402 27 27 33
5062 2402 40 27 82;
5114 2401 81 32 juill.
5209 2401 27 32 32
5244 2403 38 25 43.

4881 2444 40 26 Le
4942 2445 108 30 Havre,
5085 2445 31 25 30
5125 2446 62 26 déc.
5235 2446 62 26 déc.
5318 2446 48 27 560
5382 2454 39 22 »̃>;
5442 2447 82 31 janv.
5550 2448 46 26 560
5614 2457 39 19 »»;
5676 2451 58 26 fév.

4850 2480 44 28 560
4909 2480 44 28 »»;
4964 2486 82 20 mars
5064 2480 46 25 b47
5130 2488 39 20 •»;
5188 2481 78 26 avril
5278 2481 92 26 539»»;
5385 2482 61 25 mai
5454 2481 95 35 526»*;
5565 2481 64 35 juin
5642 2485 40 28 526
5696 2485 40 28 »•;

4850 2515 66 30 juil.
4932 2515 37 28 518
4982 2515 50 28 »»-,
5048 2514 70 26 août
5137 2516 46 24 509
5198 2523 37 22 »»;
5261 2516 71 31 sept.
5357 2516 93 26 496»»;
5477 2515 61 32 oct.
5554 2515 46 32 467
5616 2515 46 32 »»;
5678 2515 61 32 nov.

4849 2549 27 27 454
4885 2549 36 27 »»..
4930 2549 9 27 ̃
4948 2549 9 27 ̃

4881 2590 126 37 METAUX.
5061 2590 144 37 Londres,
5223 2590 36 37 30
5277 2590 72 37 déc.
5384 2598 95 34 cuivre
5495 2598 48 34 cpt
5559 2598 48 34 116
5623 2598 79 34 17/6;
5721 2604 18 23 à

4852 2631 15 29 3
4878 2632 78 24 mois
4966 2632 40 29 119
5020 2632 53 29 7/6;
5082 2631 222 32 ôlectrolytique
5310 2634 45 24 125
5366 2634 16 24 à
5391 2634 54 29 128;
5456 2634 79 25 étain
5550 2636 48 29 ept
5622 2636 46 25 342
5686 2637 51 30 2/6;

4853 2667 17 25 à
4884 2667 15 24 3
4918 2666 77 28 mois
5021 2667 45 25 344
5089 2667 49 28 7/6;
5162 2667 100 31 plomb
5274 2668 50 30 cpt
5346 2668 30 24 45
5394 2669 63 29 10/»;
5481 2669 117 30 éloigné
5617 2671 30 24 45
5670 2671 67 30 15/»;

4854 2695 116 37 anglais
4982 2701 31 25 46
5026 2702 50 30 /10;
5102 2701 65 26 zinc
5190 2704 48 29 opt
5254 2703 33 24 56
5302 2701 79 33 15/»;
5397 2701 110 33 éloigné
5530 2704 30 24 57
5578 2705 66 28 12/6;
5664 2706 75 25 anti-

4853 2736 97 25 moine
4964 2736 50 31 cpt
5034 2736 31 25 42
5078 2737 52 29 •/»;
5144 2737 105 30 argent
5262 2743 37 20 en
5313 2737 104 27 barres
5433 2739 49 30 cpt
5494 2739 29 31 76
5538 2739 43 31 1/4
5596 2739 29 31 d.
5640 2739 99 31 l'once.

4885 2783 290 27 CAOUTCHOUCS.
5245 2785 140 29 Londres,
5402 2786 31 24 30
5446 2785 62 26 déc.
5558 2786 180 32 plantations

4854 2815 42 33 2/Ô
4910 2815 56 33 1/2;
4980 2815 100 34 smôked
5097 2815 50 34 2/9
5164 2815 67 34 1/2;
5245 2820 77 25 Para
5334 2820 43 30 2/6
5392 2820 57 30 »/».

4953 2906 204 37 Fourrages
5178 2910 35 26 et
5234 2906 128 38 pailles
5382 2906 64 36 (La
5468 2908 179 39 Chapelle)

4893 2956 38 25 Le
4944 2956 114 26 mjtncbé
5072 2958 44 24 est
5130 2958 97 24 caltene.
5244 2958 40 24 On
5300 2957 71 26 tient
5382 2953 48 31 ies
5446 2953 48 31 100
5506 2957 91 31 bqfttes
5613 2959 35 26 de
5665 2959 18 25 5
5698 2960 34 25 ki-

4856 2990 44 25 Jos
4922 2991 124 29 «niviw»,
5070 2992 122 25 readiues
5217 2992 87 30 Paris,
5326 2993 29 24 et
5377 2994 113 25 suivasut
5514 2989 122 36 qùkiiés
5696 2996 40 25 ïu-

4858 3031 81 18 zerae
4964 3025 50 25 290
5037 3026 18 24 à
5078 3026 60 29 325,
5162 3026 97 31 regato
5284 3026 50 26 285
5357 3028 18 24 à
5398 3026 58 31 315,
5471 3026 73 31 foioi
5566 3028 49 28 ?80
5638 3029 18 25 à
5680 3030 57 29 315,

4856 3060 86 31 paffl'te
4953 3060 38 25 de
5002 3061 47 24 iM
5064 3061 49 24 180
5128 3062 19 24 à
5162 3061 58 30 200,
5234 3062 83 32 gtMe
5336 3062 37 26 àe
5382 3062 90 32 seisfe
5485 3063 50 26 185
5550 3063 16 30 à
5582 3063 61 30 200,
5656 3064 82 32 patlte

4857 3094 125 26 d'avoine
4997 3094 50 25 200
5058 3095 18 25 à
5089 3094 59 27 225.

4896 3172 165 30 Pommes
5077 3172 44 30 de
5134 3174 97 29 terre
5246 3172 157 36 (marché
5418 3174 64 30 des
5497 3175 204 36 Innocents)

4894 3222 181 26 Hassisteoee
5098 3223 49 25 est
5160 3223 168 26 r*dpseraèe.
5349 3224 59 25 Peu
5426 3224 38 26 de
5482 3224 148 30 TOndeurs,
5650 3226 87 26 inoiDs

4860 3261 97 20 eneoa?e
4978 3256 185 27 d'atâtebeoirs.
5186 3258 52 25 Les
5258 3259 64 31 pris
5342 3259 65 33 soni
5424 3259 97 33 ptatôt
5540 3260 151 26 nomlnaTix
5711 3260 27 26 ©1

4858 3289 29 26 la
4906 3291 136 25 tendartee
5062 3291 107 26 lonndo.

4977 3376 146 28 HALLE
5146 3377 96 28 AUX
5266 3371 104 33 BLÉS
5394 3378 44 30 (31
5462 3377 177 35 décembre);

4893 3423 53 24 Les
4962 3423 145 32 anrivag'es
5124 3423 37 26 de
5177 3421 123 28 céréales
5318 3425 162 30 paniflables
5502 3425 71 25 dams
5592 3427 53 23 nos
5661 3427 79 29 parts

4858 3458 49 24 ont
4921 3457 44 25 été
4982 3458 102 24 faibles
5100 3458 100 31 depuis
5217 3459 62 25 huit
5297 3459 93 31 jours;
5410 3460 26 24 Je
5458 3460 50 25 fait
5526 3461 45 24 est
5590 3461 149 31 imputable

4858 3497 38 18 au
4908 3493 129 24 •mauvais
5052 3493 58 25 état
5128 3493 34 25 de
5180 3493 28 25 la
5226 3498 67 20 mer.
5310 3494 37 25 Le
5364 3492 110 27 flottant
5489 3496 30 29 en
5534 3496 60 29 est,
5612 3495 63 25 bien
5692 3501 49 19 en-

4856 3526 95 30 ̃tend'u,
4972 3527 127 25 d'autant
5118 3528 66 30 plus
5205 3528 157 35 ïm'porta'n.t,
5385 3525 148 35 puisqu'on
5554 3531 131 25 ooatiaue
5704 3531 36 24 de

4855 3561 145 32 ̃beaucoup
5017 3562 125 31 charger,
5161 3563 71 24 dams
5252 3563 40 26 les
5310 3569 72 25 pays
5401 3565 185 30 exportateurs,
5601 3565 15 30 ̃
5622 3566 15 25 à
5652 3566 89 25 desti-

4857 3596 95 25 nation
4970 3596 36 25 de
5026 3597 29 24 la
5075 3597 111 26 France.
5205 3598 40 24 ta
5260 3599 162 30 répartition
5441 3597 51 27 des
5513 3600 110 32 graines
5642 3602 30 24 et
5690 3601 50 24 des

4858 3631 106 24 farines
4977 3632 47 30 qui
5038 3635 72 22 nous
5125 3633 130 25 viennent
5266 3633 37 25 de
5318 3631 149 33 l'étranger
5482 3636 42 23 est
5538 3636 130 29 toujours
5684 3636 57 25 très

4858 3666 80 31 lente,
4950 3672 39 19 en
5002 3666 96 26 raison
5112 3667 50 25 des
5176 3668 153 25 dD,facitl'té8
5345 3670 182 30 persistantes
5538 3670 36 24 de
5592 3671 149 30 transport.

4892 3702 83 24 Notre
4986 3702 113 25 marché
5112 3702 51 30 cet,
5177 3708 108 19 comme
5296 3703 64 24 tous
5374 3703 41 25 les
5426 3704 129 25 marchés
5565 3705 35 25 de
5612 3705 80 25 veille
5708 3706 32 25 de

4857 3736 36 24 de
4906 3736 57 24 fête
4976 3738 29 23 et
5018 3737 111 25 surtout
5138 3737 36 24 de
5186 3738 39 24 fin
5238 3738 123 29 d'année,
5376 3739 16 24 à
5406 3745 55 25 peu
5472 3740 137 30 pres:nul.
5622 3741 22 26 H
5658 3747 19 24 y
5690 3746 52 19 au-

4857 3771 54 23 rait
4924 3771 155 30 ©eipemlaiiit
5093 3771 65 31 plus
5170 3770 175 26 d'aobeteuirs
5357 3771 58 32 que
5429 3773 37 25 de
5478 3774 148 29 vendeurs,
5642 3775 42 24 les
5698 3776 44 23 oJ-

4836 3806 14 35 |
4864 3806 54 35 1res
4929 3806 77 24 étant
5018 3806 58 25 'très
5089 3807 168 25 restreintes.
5273 3808 37 24 La
5324 3808 146 30 tentre.deis
5486 3809 119 30 ehanges
5617 3810 123 29 .entrave,

4858 3840 109 25 d'autre
4993 3841 71 31 part
5090 3842 42 24 les
5157 3841 200 32 importations.
5382 3843 39 25 La
5448 3843 134 33 tendance
5609 3846 42 23 est
5677 3845 64 31 plus

4858 3875 90 25 fewne
4960 3881 75 26 pou-r
5046 3876 44 24 ies
5101 3876 113 29 avoioies
5229 3876 43 29 (89
5285 3877 16 24 à
5314 3878 33 24 95
5360 3878 37 24 fr.
5410 3869 43 33 Ées
5466 3878 50 24 ÏÔ0
5528 3872 82 36 kilos)
5626 3879 30 25 et
5670 3885 72 25 pour

4858 3910 43 26 les
4914 3910 142 31 e^nrastes
5073 3909 42 30 (Si
5126 3911 33 24 50
5176 3911 25 29 &.
5214 3911 49 29 8S),
5280 3911 66 31 phm
5361 3913 136 24 soutenae
5514 3919 74 24 'pour,
5605 3915 39 23 les
5658 3918 83 26 orges

4856 3937 57 38 (fia
4928 3937 114 38 à(84};
5141 3939 179 36 ''̃̃̃f'
5353 3939 22 36 ̃.
5390 3945 7 28 ̃
5404 3945 71 28 '.̃.•'•̃̃̃̃
5515 3945 100 26 ̃̃"̃

4894 3977 41 24 On
4952 3972 112 36 eùgnak
5077 3972 89 37 qu'iuo
5180 3979 93 32 grand;
5289 3980 116 26 nombre
5424 3980 36 28 de
5477 3980 122 26 moulics
5616 3982 64 25 sont
5696 3987 46 20 ar-

4847 4011 86 26 .retés
4950 4006 110 38 ptQf'lés
5077 4019 91 20 crues.

4888 4086 103 26 LISTE
5002 4088 51 25 des
5062 4088 106 25 ventes
5178 4089 35 24 de
5226 4095 86 20 sucre
5322 4091 89 24 blanc
5421 4090 148 26 déclarées
5582 4092 14 25 à
5610 4092 28 25 la
5646 4093 86 24 cham

4857 4120 52 25 bre
4921 4121 150 30 syndicale
5084 4123 39 24 du
5134 4129 163 20 commerce
5314 4125 53 25 des
5382 4131 103 19 sucres
5500 4126 35 24 d3
5553 4127 83 24 Paris
5650 4133 51 18 sur
5714 4127 36 25 la-

4856 4155 72 25 base
4942 4156 53 25 des
5010 4157 166 26 conditions
5188 4158 53 25 caf.
5254 4158 83 31 ports
5350 4160 128 32 français
5490 4162 82 27 (sans
5581 4160 44 32 les
5640 4160 102 32 droits)

4858 4196 39 19 ou
4910 4196 58 25 sur
4988 4196 97 25 wagon
5098 4194 84 28 ports
5198 4193 139 33 français,
5354 4194 70 25 tous
5438 4194 94 27 droits
5548 4196 154 29 acquittés.

4888 4225 70 25 Prix
4972 4227 58 24 aux
5045 4227 45 24 100
5104 4227 86 29 kilos,
5201 4228 138 25 ramenés
5354 4234 39 19 en
5408 4229 98 25 francs
5517 4235 52 20 sur
5578 4230 29 26 la
5618 4230 71 27 base
5704 4230 40 27 du

4857 4259 113 32 change
4988 4261 35 24 de
5037 4261 29 25 la
5082 4262 105 25 veille:

4890 4294 119 32 Dispon.
5025 4296 45 25 310
5084 4297 65 28 caf.;
5164 4297 151 26 avril-mai
5328 4298 46 25 295
5390 4299 53 24 caf.

4652 4782 36 47 JL,1JBjB,^l1JEIÎM

4908 5031 14 22 M
4936 5031 109 22 ï'osséde
5056 5031 109 26 toujours
5180 5037 30 15 en
5228 5033 123 25 magasins
5364 5032 39 21 des
5417 5032 80 26 ybiçks
5509 5032 105 22 REELS
5635 5035 7 17 ï

4907 5059 27 27 M
5050 5058 144 26 importants
5209 5056 72 22 •'aux
5293 5057 121 21 meilleurs
5424 5057 90 22 touts"
5634 5052 10 34 f

4908 5092 16 31 I
4940 5092 32 31 J.
4982 5090 113 30 SCORY,
5114 5090 75 30 162.
5197 5083 85 34 faub>
5288 5088 156 33 St-Martiat,
5453 5089 74 28 Pari»
5545 5082 69 40 (1Ô3)
5633 5065 11 50 S

4908 5130 17 41 |
4942 5130 101 41 Téltph
5070 5124 16 41 i
5102 5124 31 41 |r
5149 5124 31 41 "f
5196 5124 16 41 e
5260 5124 61 41 ggg}
5364 5137 45 24 pré,
5421 5137 34 24 il.
5467 5137 34 24 G»«
5513 5137 23 24 de
5548 5137 56 24 l'Est
5626 5116 18 56 |

5095 5157 547 50 ,~f

5308 5259 34 23 Le
5358 5255 124 27 Gisant:
5494 5247 32 34 I.
5542 5247 127 34 Poirier.

4854 5314 74 27 Impe.
4942 5316 35 23 du
4994 5312 97 32 Eftttps,
5106 5316 24 23 J.
5142 5315 110 27 Eeiter,
5266 5310 85 33 impr.,
5368 5318 30 23 5,
5413 5318 45 23 rwe
5474 5314 44 23 des
5534 5315 112 25 Italiens,
5662 5315 82 27 Paris.

4852 5456 182 30 ressemble
5062 5455 153 36 toujours
5245 5461 47 23 un
5322 5458 73 33 peu
5420 5458 73 33 aux
5536 5450 211 40 gentillesses

4852 5502 64 29 que
4937 5494 65 29 l'on
5024 5502 20 22 a
5062 5501 86 30 pour
5166 5492 51 30 les
5238 5492 173 37 animaux,,
5426 5491 260 39 domestiques.
5709 5493 39 29 Et

4850 5533 35 30 la
4904 5533 110 30 vieille
5034 5532 171 37 marquise
5226 5531 40 30 de
5286 5530 228 38 Villeparisis,
5536 5531 59 39 qui
5617 5540 21 21 a
5656 5531 91 37 jadis

4850 5572 139 29 entrevu
5009 5570 278 36 Chateaubriand,
5324 5566 133 40 Batlzac,
5496 5570 106 38 Hugo,
5622 5569 123 38 Vigny,

4854 5611 171 36 Stendhal,
5042 5618 43 22 ou
5106 5618 20 21 a
5144 5609 50 30 été
5217 5608 199 37 renseignée
5436 5617 61 24 sur
5516 5619 73 27 eux,
5609 5609 42 31 de
5670 5618 75 29 pre-

4854 5649 102 30 mière
4972 5650 104 36 main,
5092 5657 61 30 par
5168 5656 53 22 ses
5238 5648 147 37 parents,
5400 5648 35 29 et
5450 5648 59 37 qui
5526 5655 41 23 ne
5585 5647 83 32 croit
5684 5655 61 31 pas

4854 5688 44 31 du
4921 5689 69 30 tout
5013 5689 20 29 à
5055 5688 84 30 cette
5164 5688 153 29 fameuse
5362 5685 203 39 siipériorité
5589 5688 45 36 de
5657 5688 89 36 gens

4853 5727 110 30 moins
4978 5727 173 38 agréables
5166 5735 39 21 en
5221 5734 128 22 somme
5365 5726 106 37 qu'un
5486 5726 98 37 Mole,
5600 5736 46 21 un
5660 5726 85 30 Pas-

4854 5766 93 38 quier
4962 5774 41 25 ou
5020 5775 45 21 un
5082 5761 182 41 Salvandy.
5280 5764 86 30 C'est
5380 5765 43 29 ici
5436 5763 77 32 "une
5529 5765 139 39 critique
5687 5765 58 29 des

4853 5806 156 38 critiques
5022 5805 21 30 à
5054 5806 34 28 la
5099 5804 254 30 Sainte-Beuve.
5366 5803 97 30 Nous,
5477 5811 105 24 avons
5598 5805 78 37 déjà
5689 5813 56 27 vu,

4850 5845 85 29 dans
4957 5852 41 24 sa
5021 5843 136 39 préface
5181 5852 67 21 aux
5270 5844 130 36 Propos
5425 5842 81 31 d'un
5530 5844 129 36 peintre
5682 5844 64 36 (De

4850 5882 107 31 David
4977 5883 20 30 à
5016 5882 121 38 Degas)
5162 5882 39 30 de
5222 5881 43 31 M.
5286 5881 277 37 Jacques-Emile
5585 5882 159 37 Blanche,

4852 5930 63 29 que
4945 5922 44 29 M.
5022 5921 119 30 Proust
5172 5921 139 37 regarde
5342 5920 126 30 l'étudié
5497 5920 245 39 biographique

4850 5962 31 28 et
4906 5961 49 29 les
4982 5954 159 36 relations
5168 5959 232 38 personnelles
5429 5966 81 23 avec
5538 5959 50 31 les
5618 5962 124 35 grands

4849 5996 155 33 hommes
5030 6007 68 21 non
5126 6007 131 21 comme
5284 6005 67 22 une
5380 5997 86 36 aide,
5494 5999 90 29 mais
5612 6006 130 23 comme

4850 6046 46 21 un
4920 6038 254 36 empêchement
5197 6035 19 32 à
5235 6035 110 32 sentir
5365 6035 76 31 leur
5464 6038 171 36 grandeur
5657 6037 86 30 véri-

4849 6076 97 32 table.
4974 6076 84 30 C'est
5084 6082 45 23 un
5156 6075 94 38 point
5276 6075 40 30 de
5342 6082 64 22 vue
5434 6075 188 30 discutable
5649 6076 94 31 d'ail-

4850 6115 99 37 leurs,
4972 6113 34 32 et
5026 6122 80 22 sans
5130 6113 99 38 doute
5249 6113 79 38 plus
5350 6114 98 29 exact
5470 6113 156 38 lorsqu'il
5646 6115 97 37 s'agit

4861 6153 97 30 d'une
4990 6153 143 30 caillette
5166 6161 131 21 comme
5328 6152 107 29 Mme'
5453 6152 41 29 de
5514 6153 224 37 "Yilleparisis

4850 6200 63 29 que
4938 6193 78 30 d'un
5042 6191 161 30 historien
5229 6192 57 29 des
5310 6191 115 31 lettres
5452 6195 133 26 comme
5612 6191 130 31 Sainte-

4848 6231 120 36 Beuve,
4986 6230 80 30 dont
5082 6230 35 30 la
5133 6230 154 30 méthode
5305 6228 91 33 reste
5415 6228 181 33 excellente
5613 6231 128 37 malgré

4850 6270 160 37 quelques
5030 6276 130 23 erreurs
5180 6269 40 30 de
5240 6268 71 30 fait.

4888 6308 42 30 Ce
4950 6308 62 38 qui
5033 6308 104 38 donne
5154 6308 131 29 surtout
5302 6307 20 29 à
5340 6307 35 30 ce
5393 6307 87 30 livre
5498 6308 73 30 tant
5589 6309 153 34 d'attrait,

4848 6348 78 29 c'est
4946 6346 218 38 l'inquiétude
5184 6347 32 29 et
5234 6346 145 30 l'ardeur
5401 6346 265 39 sentimentales,
5686 6347 54 30 fa-

4846 6386 147 30 vorisées
5022 6393 81 22 sans
5133 6384 106 38 dojite,
5266 6392 121 22 encore
5416 6385 103 38 qu'un
5550 6394 65 29 peu
5645 6387 95 29 faus-

4848 6424 83 37 sées,
4951 6424 87 30 mais
5058 6425 99 30 d'une
5177 6424 100 36 façon
5300 6431 121 22 encore
5438 6423 80 31 bien
5541 6423 200 38 attachante,

4846 6471 64 29 par
4932 6464 39 29 de
4994 6463 66 30 très
5082 6463 178 30 modernes
5284 6458 144 37 théories
5450 6462 289 39 philosophiques.

4849 6502 51 30 On
4932 6502 135 37 goûtera
5097 6502 81 30 cette
5210 6501 175 30 constante
5417 6501 124 36 avidité
5572 6500 40 31 dé
5642 6503 98 30 sortir

4849 6541 35 36 de
4902 6541 69 36 soi,
4993 6541 39 31 de
5054 6549 36 21 se
5113 6540 107 30 mêler
5240 6540 19 30 à
5282 6533 144 42 d'autres
5448 6540 90 36 vies,
5553 6540 32 30 et
5606 6541 54 37 d'y
5682 6540 58 38 pé-

4848 6580 110 30 nétrer
4986 6578 269 39 profondément.
5285 6577 156 31 L'amour
5482 6579 52 29 est
5576 6580 165 37 peut-être

4849 6619 100 30 avant
4964 6619 72 30 tout
5054 6626 66 22 une
5140 6618 166 31 immense
5326 6617 139 37 passion
5486 6617 158 30 d'exister
5664 6626 76 22 sou-

4855 6654 229 33 verainement
5114 6656 86 30 dans
5232 6663 66 22 une
5330 6656 93 30 autre
5453 6656 211 31 conscience.
5696 6657 43 30 La

4849 6695 153 32 malheur
5018 6695 41 30 de
5077 6695 46 30 M.
5138 6693 127 32 Marcel
5284 6687 133 43 Proust,
5436 6687 38 43 ou
5493 6694 40 30 de
5552 6702 61 23 son
5632 6695 108 37 héros,

4850 6735 49 29 est
4919 6735 40 30 de
4978 6732 212 40 compliquer
5230 6732 82 31 cette
5348 6732 101 34 tâche
5486 6732 73 38 déjà
5578 6732 163 38 difficile

4848 6781 61 30 par
4930 6782 48 21 un
5001 6773 254 37 subjectivisme
5278 6771 155 32 excessif.
5453 6770 36 33 Il
5507 6770 53 33 est
5580 6779 64 31 par
5666 6774 72 36 trop

4850 6812 186 30 convaincu
5064 6820 62 30 que
5166 6812 152 35 l'amour,
5338 6818 134 22 comme
5493 6811 32 29 le
5546 6811 109 37 génie,
5674 6811 63 30 tire

4845 6851 70 30 tout
4936 6851 39 30 de
4996 6851 59 36 soi,
5076 6858 62 30 par
5156 6858 68 22 une
5245 6849 146 30 création
5414 6849 139 30 absolue
5574 6857 86 30 pour
5681 6851 57 36 qui

4845 6890 35 30 la
4902 6890 119 32 »ature
5046 6888 35 31 ou
5099 6888 105 31 l'être
5229 6888 88 31 aimé
5341 6888 85 30 n'est
5450 6888 104 37 qu'un
5581 6888 156 37 prétexte.

4846 6927 27 31 Il
4893 6928 86 30 redit
4998 6935 78 23 sous
5096 6928 106 30 toutes
5222 6927 50 30 les
5293 6927 126 30 formes
5438 6926 34 30 le
5494 6926 141 32 fameux
5656 6936 81 29 qua-

4846 6967 88 30 train
4961 6967 40 30 de
5026 6966 99 31 Louis
5152 6965 154 31 Bouilhet
5376 6976 14 16 «
5418 6965 66 29 J'ai
5510 6964 65 31 fait
5600 6966 138 32 chanter

4850 7014 79 22 mon
4969 7005 104 31 rêve.
5098 7005 17 30 »
5132 7005 34 30 Il
5182 7004 87 30 reste
5309 7012 41 22 au
5390 7003 112 30 moins
5522 7004 21 29 à
5562 7004 175 38 expliquer

4846 7045 165 38 pourquoi
5038 7045 78 30 c'est
5140 7044 52 30 cet
5209 7043 84 37 être,
5318 7042 34 31 et
5376 7050 68 22 non
5472 7050 61 30 pas
5560 7051 47 22 un
5634 7043 109 37 autre,

4848 7084 56 38 qui
4934 7092 21 22 a
4985 7083 86 30 servi
5102 7082 236 31 d'instrument
5366 7081 22 29 à
5417 7081 50 30 cet
5497 7081 115 30 archet
5641 7081 95 30 vain-

4848 7128 113 31 queur.
4990 7121 86 31 Cette
5104 7121 112 30 raison
5244 7121 91 30 seule
5362 7119 97 31 suffit
5484 7120 19 30 à
5530 7119 144 31 rectifier
5700 7128 36 23 ce

4850 7161 80 37 qu'il
4950 7170 22 28 y
4994 7169 19 21 a
5033 7161 34 31 là
5085 7160 42 30 de
5148 7159 165 30 vraiment
5346 7159 73 37 trop
5453 7158 137 31 radical.
5614 7158 42 30 Ce
5678 7158 57 38 qui

4846 7200 85 29 n'est
4954 7199 329 34 malheureusement
5306 7206 64 30 que
5393 7199 73 36 trop
5490 7196 83 37 vrai,
5597 7198 79 30 c'est
5698 7206 37 21 ce

4846 7238 153 38 principe
5028 7239 40 30 de
5097 7236 171 38 relativité,
5298 7237 58 37 qui
5384 7245 41 22 ne
5454 7235 189 38 s'applique
5670 7244 64 31 pas

4853 7277 186 32 seulement
5072 7284 43 22 au
5145 7276 216 31 mouvement
5393 7274 160 38 matériel,
5585 7275 89 30 mais
5705 7275 30 29 si

4845 7315 66 31 l'on
4937 7317 79 38 peut
5040 7316 70 29 dire
5134 7314 20 32 à
5177 7315 34 31 la
5234 7314 200 37 mécanique
5460 7313 135 37 morale,
5621 7313 31 30 et
5678 7314 57 38 qui

4846 7356 83 29 rend
4952 7356 70 29 tout
5045 7354 151 30 bonheur
5218 7353 161 39 précaire,
5402 7352 70 31 tout
5494 7352 153 30 bonheur
5670 7353 65 29 im-

4845 7394 134 38 parfait.
5010 7393 49 30 On
5089 7402 18 21 a
5134 7394 169 29 rarement
5329 7390 124 32 traduit
5480 7399 79 22 avec
5588 7390 77 38 plus
5693 7391 40 29 de

4845 7434 92 29 force
4965 7433 32 29 et
5024 7432 218 31 d'amertume
5270 7431 30 29 le
5328 7438 79 22 sens
5436 7430 43 32 du
5509 7429 224 37 changement

4846 7473 30 29 et
4901 7472 40 29 de
4966 7471 211 31 l'incessante
5202 7469 167 38 mobilité;
5388 7469 56 38 qui
5469 7468 64 30 fait
5557 7468 40 29 de
5622 7468 34 29 la
5680 7468 51 30 via

4845 7518 65 22 une
4942 7510 85 31 suite
5058 7510 265 36 ininterrompue
5353 7508 40 30 de
5422 7505 106 33 morts
5560 7507 170 37 fragmen-

4845 7549 110 31 taires.
4977 7549 39 30 Et
5034 7549 79 31 c'est
5132 7548 43 31 ici
5196 7556 45 22 un
5262 7548 82 30 livre
5365 7547 216 34 douloureux,
5601 7552 130 24 comme

4845 7589 34 30 la
4902 7588 144 36 plupart,
5058 7589 59 30 des
5142 7586 125 39 grands
5290 7586 100 32 livres
5410 7585 70 31 très
5505 7584 168 33 humains.

5394 7646 92 32 Paul
5509 7644 142 31 Souday.
